3038 5032
693 431 925 486 -x-

256 593 430 662 leetioue.“
476 595 525 662 De
546 593 650 662 altero
672 595 756 662 enim
779 595 909 676 itinere,
933 595 1020 680 quod
1043 593 1218 662 llenooirus
1240 593 1367 660 Nicolai

256 699 348 762 iussu
378 701 571 784 susceperit,
605 697 679 762 nihil
702 707 841 778 constat,
876 710 910 762 ut
940 719 981 762 ex
1010 701 1135 783 itinere,
1157 698 1257 784 quod-
1279 693 1368 763 bien‘·

258 803 344 866 nium
368 801 591 886 absumpsisse
614 801 744 884 dieitur,
769 821 865 886 quum
887 800 1044 866 Nicolaus
1067 802 1290 886 praeterlapso
1313 801 1368 866 de·

259 927 342 971 ιιιιιιιι
378 906 485 991 aliquo
516 919 590 990 post
620 915 774 990 acceptos
802 926 915 972 saeros
944 905 1085 970 honores
1117 917 1263 988 tempore
1288 926 1366 971 oon·

258 1009 421 1096 quirendis
458 1021 601 1074 veterum
638 1009 728 1074 libris
760 1029 893 1093 operam
923 1009 1059 1074 daturus
1093 1009 1207 1092 luerit,
1241 1011 1272 1074 in
1309 1009 1370 1073 lta·

258 1114 332 1178 liam
354 1121 429 1176 ante
451 1133 479 1178 a.
505 1113 589 1178 1450
619 1113 725 1178 redire
754 1114 807 1176 vix
831 1115 984 1196 potuerit.
1030 1111 1149 1176 Contra
1183 1113 1270 1198 quod
1295 1133 1370 1198 pro·

258 1215 378 1284 habile.
393 1237 468 1281 esse
498 1217 542 1280 ait
576 1215 805 1282 Massrnannus
834 1214 982 1282 Henoehi
1016 1215 1152 1280 reditum
1184 1217 1216 1279 in
1250 1215 1370 1282 ltaliam

258 1322 422 1414 incidisse,
440 1321 568 1388 demum
595 1323 681 1388 inter
714 1343 817 1388 anuos
849 1322 1078 1403 1458-1460,
1116 1321 1274 1412 Poetilioe
1310 1322 1371 1386 iarn

260 1436 405 1511 mortuo,
434 1425 467 1490 id
498 1447 603 1512 neque
632 1427 757 1492 idoneis
777 1427 974 1511 argumentis
999 1425 1243 1510 demonstravit,
1266 1445 1372 1512 neque

260 1532 415 1600 credibile
446 1543 496 1600 est
535 1544 669 1617 propter
703 1543 827 1600 eertum
860 1551 1034 1612 annorum,
1074 1551 1158 1614 quos
1192 1531 1223 1594 iu
1258 1532 1373 1596 itinere

262 1637 435 1702 llenoehus
459 1638 711 1719 consumpserit,
743 1637 889 1700 indicem.
935 1633 971 1698 Si
995 1655 1073 1698 vero
1096 1654 1253 1718 ponamus
1276 1634 1375 1700 Nieo·

198 1747 209 1758 ⁴
261 1741 345 1804 laum
382 1757 466 1804 anno
501 1748 673 1824 antequam
707 1751 843 1806 montem
878 1741 981 1804 obiret
1011 1739 1168 1806 llenoeho
1198 1741 1259 1806 iter
1288 1760 1374 1806 man·

260 1845 370 1928 desse,
401 1862 553 1908 reversus
584 1855 633 1907 est
662 1863 691 1906 a.
724 1843 806 1908 1457
838 1842 890 1908 vel
913 1843 1112 1928 insequenti:
1145 1865 1229 1928 quae
1251 1856 1376 1928 tempo·

262 1968 336 2012 rum·
364 1948 445 2012 ratio
479 1947 564 2012 bene
595 1947 744 2014 convenit
774 1967 848 2012 eum
881 1968 941 2029 eo,
973 1947 1062 2032 quod
1092 1947 1375 2014 Bartholomaeurn

263 2050 409 2133 ennium,
433 2062 599 2116 auotorem
623 2051 732 2133 operis
756 2050 797 2113 de
820 2050 897 2114 viris
926 2049 1106 2124 illustribus
1136 2051 1187 2116 sui
1210 2051 1375 2134 temporis,

262 2157 316 2242 qui
339 2175 424 2222 enno
449 2155 532 2220 1457
555 2155 628 2220 ielis
651 2155 769 2237 cessit,
799 2154 964 2220 Pomanus
986 2155 1106 2220 diserte
1135 2167 1231 2242 negat
1259 2154 1376 2220 Sueto-

262 2263 377 2328 nianos
399 2261 501 2326 libros
524 2261 635 2329 videre
658 2261 815 2344 potuisse,
840 2257 925 2324 unde
941 2279 1014 2324 eum
1035 2255 1243 2327 Massmanno
1267 2279 1297 2341 p.
1315 2258 1378 2322 185

264 2369 535 2451 ooneludenduen,
559 2367 645 2432 italis
669 2367 850 2432 homiuibus
866 2364 1059 2431 Suetonium
1077 2375 1151 2430 ante
1167 2383 1195 2430 a.
1209 2364 1293 2428 1457
1314 2381 1379 2428 non

263 2477 453 2539 innotuisse.
499 2471 626 2555 Quodsi
648 2471 787 2556 denique
810 2470 955 2558 Poggius
973 2468 997 2532 l.
1023 2489 1051 2534 o.
1075 2469 1116 2534 de
1139 2471 1262 2555 exiguo
1284 2469 1378 2534 istius

265 2579 387 2645 itineris
409 2596 549 2643 suoceau
579 2576 734 2660 queritur,
759 2576 813 2659 qui
836 2576 968 2656 insuper
990 2573 1022 2636 in
1045 2572 1197 2657 sequenti
1215 2570 1376 2654 epistolae

265 2695 357 2768 purte
385 2681 426 2747 de
448 2679 512 2745 lide
534 2679 690 2746 Henooho
719 2677 866 2744 habenda
890 2676 973 2742 maie
1001 2697 1038 2742 se
1062 2675 1245 2740 existimare
1270 2683 1377 2739 narrat

264 2790 384 2876 quique
419 2789 451 2851 in
485 2786 546 2852 alia
567 2785 645 2870 -ipsi
675 2785 796 2868 scripta
826 2781 963 2867 epistola
996 2779 1113 2847 ibidem
1144 2801 1174 2862 p.
1197 2779 1262 2842 at5
1292 2775 1379 2842 edita

266 2894 311 2959 de·
331 2891 489 2958 calumnia
513 2910 587 2955 eum
609 2907 651 2954 eo
673 2888 818 2973 graviter
841 2885 1043 2970 expostulat,
1067 2882 1146 2948 illud
1166 2883 1273 2966 ipsum
1292 2901 1380 2949 oom-

216 3023 221 3040 ·
265 2979 423 3081 probatur
457 2993 643 3059 testimonio
668 2990 864 3077 Vespasiani
889 2989 1066 3054 Florentini
1091 2987 1200 3070 Opere
1232 2984 1273 3050 de
1302 2985 1380 3050 viris

263 3098 445 3166 illustribus
474 3116 561 3162 seeo.
592 3093 655 3161 XV
677 3093 860 3160 'vernaculo
893 3105 1045 3158 sermone
1073 3089 1197 3173 scripto
1226 3107 1254 3151 o.
1278 3083 1379 3168 92⁸¹),

268 3213 397 3288 praeter
409 3201 667 3288 Porphyriouem
688 3199 722 3262 in
743 3195 912 3262 Horatium
935 3206 968 3260 et
983 3194 1135 3279 Apicium
1159 3191 1225 3276 „de
1245 3188 1380 3271 eaenis“

268 3311 346 3376 nihil
364 3329 449 3374 'eum
473 3329 519 3373 ex
546 3305 730 3372 Germania·
750 3303 880 3368 domum
911 3309 1099 3392 reportasse
1127 3297 1283 3364 tradentis
1302 3292 1379 3376 **):

235 3451 241 3462 ἱ
270 3452 556 3466 uun-*offla*-

306 3530 353 3604 'ep
375 3529 441 3586 Maii
459 3530 556 3601 Spioil.
579 3527 657 3584 llotn.
675 3525 708 3583 T.
734 3525 752 3580 l.
772 3543 798 3596 p.
817 3526 879 3588 eoa,
904 3521 976 3576 unde
1001 3527 1084 3576 toturn
1103 3528 1193 3592 'eaput
1216 3533 1271 3591 quo
1290 3518 1381 3574 minus

279 3652 282 3660 ·
314 3638 327 3650 <¹
359 3618 419 3674 ,hic
448 3615 627 3674 transcribam
658 3616 740 3670 otium
775 3612 840 3668 feeit
867 3610 933 3664 milri
968 3607 1092 3664 Orellius
1120 3608 1168 3680 qui
1200 3605 1380 3684 repetendum

372 3708 478 3762 curavit
508 3705 693 3778 Epistoiarum
725 3700 911 3766 Tullienarum
941 3697 1062 3752 editione
1087 3698 1174 3758 altera
1198 3713 1223 3768 p.
1243 3693 1341 3750 XLlli.

258 3863 261 3870 ·
304 3833 354 3900 **)
374 3827 407 3884 V.
431 3845 502 3904 quae
522 3845 557 3884 ex
580 3827 687 3884 Plotina
711 3842 746 3880 ex
774 3820 844 3876 Vitis
868 3819 1030 3876 Pontificum
1057 3817 1214 3876 ltlassmanu
1243 3835 1271 3890 p.
1291 3818 1323 3868 11
1341 3813 1382 3870 ai·

374 3919 427 3974 sert
446 3916 618 3990 eundemque
641 3915 675 3970 de
700 3907 826 3968 Heuoohi
847 3909 946 3962 itinere
972 3907 1101 3962 nonnulla
1126 3905 1288 3960 excitantem
1315 3900 1381 3956 ibid.

377 4007 417 4060 De
442 4003 552 4060 Orestis
575 4001 666 4056 sabula
692 3994 857 4054 hexametris
880 3994 1052 4064 conscripta,
1080 4007 1160 4064 quam
1194 3987 1265 4044 idem
1289 3988 1381 4041 lieno·

374 4090 444 4146 chus
462 4089 601 4162 reperisse
619 4085 718 4140 alicubi
738 4083 846 4147 dicitur,
864 4079 892 4134 in
910 4077 1092 4134 Ambrosiano
1119 4075 1215 4131 codiee
1234 4073 1382 4128 Mediolani

375 4184 485 4231 servata
513 4175 662 4247 disputavit
685 4169 773 4225 liniue
794 4169 812 4222 l.
840 4185 864 4222 e.
892 4185 918 4239 p.
940 4164 1029 4220 xxii.
1065 4163 1107 4218 De
1132 4161 1264 4219 lienoeho
1288 4167 1382 4218 nostru

375 4269 486 4334 praeter
517 4277 551 4317 ea
579 4277 651 4334 quae
678 4257 827 4314 ioeeherus
852 4256 881 4310 iu
905 4254 1010 4310 Lexioo
1036 4251 1205 4308 eruditorum
1229 4247 1382 4322 protulerit,
