3038 5032
713 347 967 424 ..14-

236 555 267 622 2,
288 535 452 614 offendit:
479 517 652 638 domoque
679 540 712 614 ei
739 537 956 617 interdictum
984 545 1050 616 est.
1097 539 1174 614 run
1200 546 1237 614 et
1268 539 1312 615 iil.
1341 540 1410 618 ct-

287 661 428 735 oeronis
453 658 640 752 familiaris,
667 662 699 733 in
728 661 828 736 ouius
843 661 994 764 epistola
1015 659 1061 736 ad
1076 641 1294 740 Dolabellam
1310 661 1410 738 baec

287 776 333 856 de
360 803 407 858 eo
432 779 600 880 legimus:
636 781 905 877 ‚,Nil1illiomae
930 785 1075 882 geritur,
1101 780 1196 880 quod
1222 790 1259 857 te
1284 790 1412 882 putem

143 901 151 916 '
286 905 380 979 scire
393 926 529 996 curare,
553 907 617 1006 nisi
632 901 723 978 forte
737 906 830 979 sciro
844 908 912 994 vis,
929 929 983 980 me
997 907 1087 980 inter
1098 907 1229 982 Niciam
1246 913 1410 978 nostrum

286 1031 322 1099 et
345 1021 479 1098 Vidium
507 1021 655 1100 iudicem
682 1047 776 1100 esse.
813 1022 951 1100 Profert
976 1024 1076 1120 aiter,
1103 1028 1237 1127 opinor,
1264 1023 1411 1103 duobus

288 1143 475 1220 versiculis
512 1168 725 1247 expensum:
765 1145 856 1222 alter
887 1146 1110 1232 Aristarchus
1149 1146 1214 1222 lros
1250 1146 1409 1245 ὀβελίζιι.

272 1267 363 1370 ‘ligo
386 1275 554 1366 tamquam
581 1269 724 1342 criticus
750 1272 911 1366 antiquus
936 1268 1150 1346 iudicaturus
1176 1293 1262 1360 ιιιιιι,
1291 1277 1410 1346 utrum

285 1392 354 1464 siut
370 1403 432 1464 roo
454 1374 607 1492 uorqboo,
629 1415 679 1465 an
707 1392 1050 1496 uupspfisfiiqptqml‘
1077 1391 1160 1465 Item
1176 1387 1223 1465 'an
1239 1392 1411 1468 Atticum:

232 1513 263 1582 3.
284 1511 360 1603 „De
386 1511 485 1588 Nicia
518 1510 611 1611 quod
638 1515 774 1606 scribis,
807 1517 837 1589 si
873 1516 922 1588 ita
957 1536 1010 1589 mo
1036 1509 1218 1603 haberem,
1254 1519 1291 1585 ut
1326 1515 1409 1587 eius
1455 1586 1459 1597 ,

285 1631 494 1709 humanitate
520 1631 584 1707 irni
612 1657 773 1733 possem,
807 1638 959 1737 inprimis
987 1634 1116 1711 vellem
1149 1654 1282 1708 mecum
1308 1632 1409 1706 illum

283 1752 433 1844 babere,
469 1753 534 1830 sed
571 1753 650 1830 mihi
677 1755 831 1834 solitudo
865 1764 902 1832 et
929 1777 1094 1831 recessus
1126 1755 1308 1854 provincia
1336 1761 1407 1829 est.

287 1875 476 1949 Praeterea
502 1879 593 1952 nosti
621 1878 741 1954 Niciae
769 1880 877 1953 nostri
903 1874 1181 1966 imbecillitatem,
1214 1872 1407 1966 mollitiam,

285 1994 575 2071 consuetudinem
610 2001 738 2074 victus.
799 2001 868 2075 Cur
902 2020 991 2096 ergo
1009 1993 1082 2070 ‘itti
1114 1993 1283 2072 molestus
1316 2015 1407 2068 esse

253 2191 256 2200 ,
284 2115 454 2218 possem?
492 2118 665 2196 Voluntas
688 2128 801 2196 temen
829 2124 906 2196 eius
929 2118 1008 2194 mihi
1033 2125 1134 2217 gruta
1169 2125 1258 2192 θεῖά*
1291 2116 1405 2190 Huius

283 2237 330 2315 de
355 2237 487 2317 Lucilio
514 2239 621 2317 libros
655 2245 754 2316 etiam
783 2242 907 2319 Santra
932 2239 1145 2342 comprobat.

233 2389 262 2455 1,
359 2363 431 2436 XV.
460 2361 721 2456 Lenaeus,
747 2363 863 2462 Magni
889 2365 1029 2465 Pompei
1056 2361 1200 2438 libertus
1227 2368 1264 2434 et
1285 2381 1404 2459 paene

284 2487 431 2575 omnium
451 2485 712 2585 expeditionum
730 2509 862 2578 comes,
888 2484 1054 2563 defuncto
1071 2507 1115 2558 eo
1138 2479 1290 2579 filiisque
1310 2483 1403 2576 eius,

232 2617 263 2680 2.
286 2604 411 2680 schola
437 2627 480 2679 se
506 2608 733 2680 sustentavit:
761 2605 949 2707 docuitque
975 2611 1008 2680 in
1037 2608 1169 2682 Carinis
1200 2603 1246 2680 ud
1275 2601 1403 2680 'lellu·

286 2729 352 2817 ris,
388 2728 422 2799 in
456 2750 524 2824 qua
558 2728 705 2824 regione
741 2729 980 2829 Pompeiorum
1015 2725 1138 2803 domus
1174 2724 1315 2800 fueratr
1355 2745 1402 2798 ac
1508 2719 1509 2788 ἶ

285 2855 381 2924 tanto
408 2869 527 2922 amore
561 2869 647 2946 erga
680 2851 815 2946 patroni
842 2852 1036 2925 memoriam
1064 2847 1209 2938 exstitit,
1244 2856 1281 2920 ut
1315 2843 1401 2922 Sal·
1508 2913 1509 2946 ³

285 2968 421 3042 lustium
447 2968 658 3061 historicum,
686 2970 778 3067 qnod
806 2992 883 3046 eum
911 2973 983 3047 oris
1008 2967 1119 3071 probi,
1151 2969 1265 3043 animo
1286 2968 1402 3042 inve·
1508 2947 1509 2996 ³

286 3087 458 3182 recondo,
496 3093 717 3192 scripsisset,
757 3090 981 3166 acerbissima
1015 3098 1133 3164 satura
1163 3087 1401 3179 laceraverit,

283 3203 488 3288 lustaurum
507 3217 544 3288 et
578 3205 757 3287 lurconem
799 3219 835 3287 et
873 3211 1079 3287 nebulonem
1117 3211 1401 3313 popinonemque

283 3331 484 3432 appellans,
517 3339 554 3409 et
587 3335 661 3409 vitu
693 3335 903 3435 scriptisque
935 3338 1185 3409 monstrosum:
1212 3335 1401 3430 praetereo

284 3453 476 3554 priscorum
504 3455 718 3553 Catonisque
744 3454 927 3530 verborum
955 3452 1255 3530 ineruditissimum
1276 3449 1399 3526 furem.

201 3553 204 3562 ’
231 3581 262 3651 3.
283 3572 443 3649 Traditur
468 3581 582 3649 autem
599 3598 687 3676 puer
708 3573 824 3650 adbuc
845 3574 993 3650 Athenis
1015 3565 1195 3675 surreptus
1221 3569 1400 3670 reiugisse

283 3702 316 3774 in
342 3700 506 3805 patriamr
533 3701 781 3800 perceptisque
806 3696 1006 3776 liberalibus
1020 3698 1226 3801 disciplinis,
1251 3698 1399 3797 pretium

284 3847 382 3898 suum
415 3801 592 3914 retulisse,
623 3842 746 3898 verum
786 3821 833 3898 ob
860 3823 1035 3924 ingenium
1066 3829 1173 3921 atque
1204 3818 1399 3896 doctrinam

232 3967 253 4021 ,·
283 3947 392 4044 gratis
415 3945 653 4018 manumissus.

231 4077 261 4145 1.
359 4066 445 4142 XVL
478 4067 670 4156 Quintus
704 4065 937 4143 Caecilius
972 4067 1215 4168 Epirota,
1254 4059 1398 4138 Tusculi

284 4199 404 4285 natur,
443 4190 588 4270 libertus
613 4190 737 4274 Attici,
770 4190 896 4288 equitis
920 4187 1083 4279 Ronmnt,
1117 4183 1163 4260 ad
1189 4205 1289 4282 quom
1316 4187 1397 4258 suut
