3038 5032
661 371 991 458 affirm:-

264 572 422 659 cuiusque
442 571 635 656 scripturam
658 589 699 635 ex
729 572 872 656 margine
900 568 1050 638 editionis
1072 567 1295 637 Scriverianae
1318 563 1390 636 d'e·

237 673 417 758 'scriptam
450 675 594 741 exhibuit
625 677 781 760 integram
805 673 969 740 BCrusius
1003 671 1040 740 Τ.
1073 675 1098 736 l.
1128 696 1160 758 p.
1182 672 1278 740 XLll.
1300 673 1390 740 coll.

262 781 292 866 p
311 775 392 866 XV3
427 779 480 845 vel
499 778 761 865 Mediolanensis,
784 777 1007 843 Graeienhano
1025 779 1183 864 ignorata,
1203 798 1298 864 quam
1314 777 1390 844 Ca-

262 881 429 949 sanbonus
451 884 573 967 passim
596 882 714 966 laudat,
738 883 862 949 codicis
885 901 1125 967 nonnumquam
1150 883 1279 946 nomine
1302 879 1388 964 (Gr

263 981 496 1070 incensione),
518 985 591 1049 ab
581 1005 654 1069 tpso
678 1001 748 1049 non
762 987 852 1070 prius
868 985 1045 1086 inspectam
1062 1005 1158 1070 quam
1173 997 1276 1070 quum
1292 986 1388 1049 Bon·

263 1088 373 1174 garsio
397 1087 438 1151 de
461 1085 585 1171 perdito
612 1086 707 1153 huius
737 1089 914 1173 exemplari
937 1075 1136 1174 conquestus
1159 1100 1265 1172 esset,
1289 1087 1388 1154 aliud

263 1201 377 1255 nactus
392 1190 496 1255 iuerat
507 1187 549 1272 *l
578 1189 649 1255 Neo
671 1202 778 1256 tamen
800 1194 1013 1256 vetustiorum
1037 1191 1213 1256 editionum
1231 1194 1387 1284 notitiam

263 1311 400 1379 prorsus
429 1293 566 1378 exclusi,
599 1296 790 1379 praesertim
819 1315 918 1380 quum
940 1293 1063 1378 apud'
1055 1297 1260 1379 superiorum
1290 1278 1388 1361 aeta·
1502 1335 1503 1345 ι

263 1411 332 1462 tum
355 1397 498 1463 editores
521 1419 577 1466 eas
600 1397 738 1494 aliquam
761 1399 985 1464 auctoritatem
1007 1397 1119 1464 nactas
1138 1419 1213 1464 esse
1233 1398 1385 1464 viderim.

265 1489 332 1566 sed
361 1503 393 1566 in
416 1503 597 1588 expilandis
618 1487 738 1568 horum
758 1491 922 1568 memoriis
946 1499 1095 1592 standum
1119 1487 1213 1585 duxi,
1247 1515 1385 1596 servata

266 1605 397 1690 eadem,
427 1628 491 1690 qua
513 1609 567 1672 isti
589 1611 640 1673 usi
662 1618 755 1690 sunt,
786 1585 1004 1692 appellatione
1028 1611 1093 1671 Vei.
1116 1607 1211 1692 irnpr
1234 1607 1287 1672 vel
1310 1607 1384 1688 ed,

267 1709 334 1771 de'
324 1723 468 1792 ipsarum
485 1711 614 1774 nomine
630 1721 662 1774 et
676 1656 861 1774 conditione
879 1708 964 1773 haud
983 1710 1086 1796 magis
1106 1694 1265 1775 sollicitus
1280 1732 1382 1796 quam

267 1809 308 1874 de
330 1809 396 1877 En
414 1831 470 1898 pr.
498 1835 592 1900 quam
616 1827 837 1900 nucuparunt.
872 1834 957 1901 quae
979 1813 1077 1888 editio
1100 1835 1142 1878 an
1164 1814 1227 1880 hoc
1249 1817 1385 1880 nomine

267 1915 362 2001 digna
386 1917 446 2000 sit,
470 1938 575 2004 neque
597 1918 700 1985 lubuit
725 1941 829 2005 neque
858 1919 949 2003 potui
972 1916 1144 2002 explorare
1151 1938 1163 2000 3
1195 1916 1282 2006 quod
1305 1914 1392 1982 ideo

267 2017 396 2105 moneo,
420 2021 508 2110 quod
530 2024 561 2088 in
585 2025 792 2088 adnotatione
814 2007 979 2086 iuxta'Ed.
992 2040 1043 2106 pr.-
1068 2031 1306 2104 nonnumquam
1323 2036 1384 2106 ap·

267 2122 406 2205 positam
429 2124 574 2209 reperies
595 2122 669 2190 Ver.
693 2145 775 2211 quae
790 2123 846 2206 illi,
870 2133 905 2186 nt
925 2121 1001 2205 dixi,
1025 2132 1130 2187 aetate
1152 2121 1382 2206 anteponenda

268 2241 344 2292 este
366 2224 501 2294 videtur.

334 2503 467 2571 Summa
478 2525 602 2588 eorum,
619 2525 703 2592 quae
715 2509 821 2576 adnue
834 2510 996 2594 disputata
1016 2520 1102 2593 sunt,
1121 2509 1203 2574 haec
1218 2519 1280 2590 est,
1297 2523 1386 2592 quae
1499 2525 1501 2602 ’χ

160 2595 163 2601 ’
269 2609 373 2674 trihus
392 2609 502 2676 verbis
522 2611 677 2695 explicari
694 2621 812 2696 potest.
838 2611 971 2678 Exstitit
990 2629 1073 2678 untes
1096 2611 1203 2676 codex
1221 2611 1388 2675 minusett·
1501 2625 1502 2632 ¹

269 2712 311 2778 lie
327 2713 443 2780 litteris
455 2714 582 2780 decimo
595 2715 667 2780 iere
679 2715 813 2782 saeculo
829 2727 993 2800 exaratus,
1010 2729 1202 2801 quemnuno
1217 2715 1251 2778 in
1268 2713 1387 2798 deper-

270 2817 346 2885 ditis
374 2837 598 2902 numeramus,
633 2836 730 2904 quem
757 2831 864 2885 tamen
893 2821 1021 2884 icrtutm
1051 2817 1182 2883 latente
1210 2816 1387 2903 aliquando
1501 2821 1502 2832 ¹

271 2935 498 3009 recuperatum
519 2925 558 2989 iri
578 2924 816 3008 spermatum,
839 2935 969 3008 praeter
983 2922 1175 2988 Suetonium
1187 2921 1291 2987 'l'aeiti
1304 2919 1387 2987 tier-
1501 2969 1502 2982 ,

272 3031 409 3096 munitm
431 3037 464 3095 e‘t
484 3029 656 3114 Dialogum
679 3031 721 3096 de
743 3032 926 3097 oratoribus
949 3032 1130 3113 continens,
1153 3049 1194 3094 ex
1212 3029 1407 3112 tirermania⁴

272 3131 528 3218 etllemseldla,
559 3143 680 3200 utnon
702 3133 957 3218 improbabiliter
983 3135 1172 3221 suspicatus
1201 3143 1251 3198 est
1281 3130 1387 3197 Mass·

273 3253 368 3304 mann
389 3258 421 3322 p.
445 3238 517 3303 181.
540 3238 605 3303 182
627 3247 661 3302 et
684 3238 758 3320 tat,
780 3239 813 3302 in
834 3233 956 3303 ltaliam
986 3257 1046 3323 per
1068 3237 1268 3302 llenoohnm·
1281 3236 1388 3300 Aaou*

272 3339 380 3404 lanum
411 3341 563 3409 delatus*
593 3339 643 3408 lix
664 3342 729 3408 hoc
756 3343 1089 3427 omniomtquotqnot
1116 3355 1204 3406 nune
1236 3340 1388 3404 novimen

273 3445 422 3510 Suetonii
442 3447 593 3515 codicum
613 3457 648 3511 et
671 3463 756 3532 qnae
777 3462 826 3514 ax·
840 3449 881 3513 iis
903 3445 1021 3511 ductae
1040 3457 1116 3512 sunt
1137 3444 1313 3510 editionum
1333 3460 1389 3508 red

273 3560 378 3614 tet-em
412 3566 476 3616 una
504 3552 708 3634 promanavit
739 3546 877 3631 familia,
911 3567 953 3614 cx
985 3557 1048 3636 qna
1077 3551 1133 3635 qui
1163 3545 1291 3614 oriundi
1312 3558 1389 3612 sunt

274 3649 437 3741 umquam
459 3655 693 3742 consanguinei
715 3656 864 3720 eointe'r
883 3673 922 3721 ss
943 3654 1111 3738 differunt,
1141 3671 1207 3738 quo
1229 3671 1314 3718 unns
1335 3647 1388 3714 vel

275 3759 358 3825 alter
385 3761 512 3844 parenti
541 3755 677 3824 similior
699 3769 767 3842 est,
801 3759 910 3826 nullus
940 3776 1021 3826 cero
1051 3751 1194 3843 parentis
1217 3757 1389 3842 imaginent

275 3875 341 3928 non
357 3863 466 3929 reiert.
500 3862 573 3928 lloc
594 3863 638 3926 ita
659 3862 793 3946 haltere,
816 3857 910 3928 facile
930 3863 993 3928 sibi
1014 3859 1222 3948 persuadebit
1245 3860 1300 3945 qui
1321 3858 1389 3922 urd-

276 3969 454 4052 uersalem,
485 3981 570 4054 quae
598 3967 683 4030 inter
713 3967 845 4036 codices
874 3978 1011 4050 cunctos
1038 3966 1145 4032 adhuc
1174 3975 1271 4029 notos
1292 3963 1390 4026 interr·

278 4130 333 4139 ..s—-
341 4131 566 4143 —-——---...-—-.

330 4225 364 4297 l)
383 4220 418 4283 V.
437 4227 593 4284 casauboni
610 4223 752 4301 Epistulae
770 4245 797 4301 p·
814 4229 858 4281 dl.
