3038 5032
533 374 786 449 ..13-.

142 557 151 564 ⁶
267 569 304 646 Si
331 569 408 665 quis
434 565 528 644 forte
553 567 621 642 mei
646 563 783 640 domum
808 565 970 656 Gelonis,

267 683 428 790 depictas
454 690 557 762 minio
581 687 739 778 ansillas,
763 694 800 760 et
825 685 907 764 illos

265 807 423 883 custodis
447 807 547 882 videt
573 806 732 884 hortulos
758 808 891 907 Priapi,

264 932 418 1022 miretur,
446 928 568 1026 quibus
595 929 655 1002 ille
682 927 875 1030 disciplinis

268 1058 393 1126 tantam
420 1054 465 1124 sit
488 1050 691 1152 sapientiam
717 1057 923 1142 assecutos,
1054 1055 1056 1062 ’

264 1193 364 1268 qoem
394 1179 466 1246 tres
494 1169 674 1264 cauliculi,
701 1169 831 1245 selibra
857 1168 978 1263 farris,

268 1296 395 1366 racemi
423 1291 514 1385 duo,
540 1290 660 1388 tegula
687 1291 750 1364 sub
777 1315 865 1382 nna,

266 1411 310 1488 ad
335 1439 496 1487 summam
527 1435 638 1515 prope
665 1414 826 1486 nutriant
842 1419 1031 1488 senectam.

109 1539 153 1612 Et
182 1559 337 1621 rursusa
813 1599 816 1606 ,
1246 1553 1277 1620 5.

267 1659 409 1732 Catonis
438 1655 558 1748 modo,
587 1655 712 1747 Galle,
732 1655 965 1730 Tusculanum

267 1788 340 1855 tota
366 1779 522 1882 creditor
549 1779 634 1856 urbe
660 1777 874 1854 venditabat.

267 1900 378 1975 llirati
407 1925 524 1975 snmus
552 1903 686 1974 unicum
711 1902 927 1996 magistrum,

148 2041 160 2048 ·
271 2044 434 2097 snrrrmom
460 2024 736 2121 grammaticum,
764 2023 924 2120 optimum
951 2028 1110 2120 poetam,

276 2165 397 2218 omnes
424 2143 568 2218 solvere
595 2164 704 2243 posse
730 2145 976 2238 quaestiones,

272 2285 374 2338 orrum
402 2263 548 2338 difficile
575 2262 747 2363 expedire
771 2277 907 2338 nomen.¹

268 2386 320 2458 En
348 2407 411 2460 cor
437 2383 628 2474 Zenodoti,
645 2408 701 2486 en
729 2388 828 2458 iecur
854 2383 1014 2459 Cratetis.

188 2509 260 2581 ΧΠ.
289 2502 890 2606 CorneliusEpieadus,
916 2503 953 2578 L.
980 2505 1081 2581 Coro.
1108 2505 1228 2583 Sullae

109 2627 295 2703 dictatoris
322 2627 485 2720 libertus,
525 2627 729 2727 calatorque
763 2630 796 2698 in
823 2625 1027 2703 sacerdotio
1060 2629 1229 2728 augurali,

111 2748 257 2846 illioque
284 2751 360 2823 eius
384 2750 513 2823 Ferrato
548 2751 768 2846 gratissimos
794 2747 874 2822 fuit:
909 2771 1016 2846 quare
1050 2774 1229 2848 numquam

113 2893 186 2943 non
214 2871 393 2967 utriusque
419 2893 461 2944 se
482 2869 641 2944 libertum
664 2867 782 2944 edidit.
822 2869 956 2944 Librum
981 2877 1109 2961 wautern,
1128 2893 1229 2968 quern

113 2989 217 3068 Sulla
243 2993 467 3064 novissimum
493 2990 540 3065 de
566 2987 672 3064 rebus
706 2992 780 3063 suis
811 2988 1046 3091 imperfectum
1074 2988 1229 3089 relique·

113 3120 185 3202 rat,
213 3113 291 3210 ipse
317 3112 505 3211 supplevit

190 3231 279 3305 Xlll.
315 3233 550 3309 Statorius
584 3235 700 3325 Eros,
737 3232 824 3309 hero
851 3257 918 3306 suo
942 3233 1068 3308 Merrae
1094 3239 1230 3333 carptus

115 3352 163 3429 de
180 3359 317 3442 catasta
330 3361 366 3429 et
380 3363 524 3457 proptor
545 3354 719 3432 literarum
738 3357 885 3431 studium
905 3357 1143 3447 uranmnisuuS,
1161 3355 1230 3431 do·

116 3477 188 3550 cuit
215 3477 307 3550 inter
333 3484 477 3554 eeteros
503 3479 642 3550 Brutorn
670 3480 706 3554 ot
733 3478 901 3554 Cassium.
950 3478 1036 3554 Sunt
1069 3481 1127 3576 qui
1158 3487 1231 3552 tra-

116 3597 203 3671 dant
216 3604 311 3670 tanta
327 3618 405 3672 eom
422 3597 608 3674 honestate
629 3600 841 3700 praeditum,
867 3608 905 3674 ut
922 3602 1133 3702 temporibus
1145 3600 1231 3678 Sul-

118 3719 209 3794 lanis
233 3722 508 3820 proscriptorum
533 3721 665 3798 liberos
692 3726 802 3822 gratis
829 3730 867 3798 et
885 3725 963 3798 sine
981 3722 1146 3799 nnrcede
1161 3720 1258 3803 ulla¹

117 3844 151 3915 in
179 3832 395 3941 disciplinam
423 3847 608 3944 receperit.
646 3851 649 3856 '

198 3963 286 4038 XIV.
314 3964 496 4041 Curtius
528 3967 656 4041 Nicia
690 3964 803 4040 haesit
840 3965 900 4042 Cn.
934 3968 1097 4065 Pompeio
1117 3970 1167 4042 ‚et
1195 3967 1232 4044 e
1253 3987 1286 4061 1,

119 4079 302 4158 liemarioa
336 4081 403 4158 sed
421 4095 503 4158 cum
528 4084 715 4162 codicillos
738 4087 896 4162 Memmia
911 4085 957 4160 ad
977 4087 1118 4186 Purnpei
1136 4109 1232 4164 uxo·

121 4229 195 4282 rem
222 4202 270 4280 de
296 4212 422 4307 stupro
451 4206 668 4307 pertulisset,
698 4207 858 4310 proditus
882 4207 931 4282 ab·
945 4229 1021 4301 ea,
1035 4209 1234 4312 Pompeium
