3054 5000
178 625 364 701 Sallustium]
391 629 456 685 l’ur.
482 626 561 684 llarl.
585 631 614 684 et
636 630 711 683 ven.
735 627 911 687 Salustium.

180 730 328 806 Asinium]
353 711 433 789 llurl.
456 733 615 792 acutulum·

180 835 344 910 historiam]
369 837 434 894 l’ur.
457 839 532 891 leste
547 836 657 892 Wolllo
680 835 759 908 (nani
783 835 846 908 ipsc
867 853 924 893 nou
949 837 1062 912 notavi]
1085 839 1233 911 lictoriae,

118 942 191 998 hand
215 941 307 998 male:
330 944 359 995 et
380 939 424 994 sic
447 938 526 998 llurl.
549 954 696 1010 unoquo..
1087 932 1091 940 ’

181 1043 363 1119 aggressos]
389 1046 454 1104 Pur.
478 1049 507 1102 et
530 1044 610 1102 llurl.
634 1047 806 1116 adoremur.

181 1149 340 1226 breviario]
358 1151 436 1208 llorl.
449 1155 478 1206 et
491 1152 555 1210 l'ur.
571 1151 706 1206 breviore
715 1167 728 1222 ,·
752 1149 825 1208 l’itlr.
840 1151 933 1227 breui,
949 1150 1088 1221 probante
1102 1151 1232 1209 schotto.

118 1259 229 1312 Vo'cern
250 1256 434 1311 breuiarium
448 1269 544 1309 amore
563 1252 742 1327 Suetonium,
767 1253 960 1310 Casanltonus
977 1253 1103 1311 ostendit
1120 1253 1233 1312 collutis

117 1363 197 1431 Aug.
223 1357 263 1414 51
289 1364 317 1413 et
340 1359 465 1428 vespas.
490 1355 540 1414 21.

180 1457 390 1534 Romanarum]
426 1462 449 1516 B
482 1475 547 1516 cnm
576 1461 650 1519 Ven.
686 1462 900 1520 Rcowmomm.
933 1463 998 1520 Par.
1032 1465 1060 1516 et
1091 1461 1169 1519 llorl.
1194 1463 1233 1538 lt,

117 1573 273 1636 utsupra.

180 1668 341 1743 scribendi]
367 1669 467 1741 Vulgo
490 1673 552 1725 erut
575 1672 703 1727 dicendi.
747 1665 826 1725 llinrl
846 1673 875 1724 el
897 1685 929 1724 re
962 1668 1026 1740 ipso
1047 1668 1234 1726 commenda·

117 1779 163 1830 tur
196 1779 225 1829 et
251 1775 335 1831 unice
357 1773 418 1846 legi
441 1773 554 1830 videtur
584 1774 612 1830 ln
635 1772 718 1832 codd.
752 1773 807 1828 list
830 1771 914 1828 etiam
946 1773 974 1828 iu
998 1770 1087 1832 Puris.
1118 1771 1234 1828 WOL-

117 1879 219 1936 lllVS.
254 1876 456 1949 Rescripsisse
485 1876 554 1933 illud
578 1891 612 1932 se
634 1875 673 1932 uit
696 1873 917 1946 Oudendorpins
947 1891 984 1932 ex
1007 1873 1082 1936 Mas.
1106 1874 1234 1936 Casaub.

118 1983 209 2040 Voss.
233 1985 263 2037 et
285 1981 339 2039 llll.
363 1981 481 2039 Medici.
506 1980 590 2036 Adule
614 1979 692 2036 llurl.
718 1981 750 2038 ll.
775 1983 804 2034 ct
825 1977 901 2036 Ven.

184 2058 1234 2159 nummuvmfflmmrmmmmuqmuwmummu

118 2195 145 2246 et
168 2192 202 2248 B.
237 2190 329 2245 Deest
352 2204 415 2244 cnm
439 2189 501 2259 ipso
524 2187 665 2245 Asinium
687 2186 715 2242 iu
738 2187 803 2244 Pur.
828 2191 857 2242 ct
881 2185 961 2244 llorl.
985 2187 1146 2256 Utrumque
1178 2199 1235 2240 no-

117 2309 183 2350 meu
206 2295 369 2353 conservat.
393 2293 469 2350 Ven.

112 2439 116 2446 .
183 2393 316 2470 antiqua]
343 2394 408 2453 Pur.
432 2407 462 2452 et
486 2397 566 2455 llurl.
590 2398 761 2470 unliutons„
820 2435 831 2448 s

184 2499 276 2556 verba
298 2503 327 2556 et
348 2498 473 2576 ligurus]
498 2498 608 2557 omittit
631 2500 705 2559 Ven.

184 2600 339 2677 sanusuo]
363 2605 429 2662 rar.
454 2607 483 2660 et
504 2603 585 2661 narr.
608 2605 749 2677 samam,
772 2607 804 2659 ut
828 2601 903 2662 ven.
925 2601 958 2661 n.
982 2601 1158 2658 sarnanum.
1205 2565 1236 2626 ⁸

184 2707 263 2783 oum]
290 2711 320 2764 Β.
344 2723 447 2784 quom.
493 2708 652 2767 lllnrl·l’li.
677 2711 706 2764 et
730 2707 809 2768 llarl.

183 2811 329 2887 suadere]
353 2815 387 2873 ll.
410 2815 546 2870 annoilcr
568 2817 708 2872 suadere.

186 2917 268 2993 noto]
294 2921 359 2977 l’ar.
384 2925 449 2996 lolo,
475 2924 504 2975 et
524 2933 590 2977 mox
613 2919 706 2974 celeri
725 2928 779 2987 nro
802 2915 949 2988 civilique.
986 2915 1031 2970 lto
1054 2911 1133 2970 llarl.
1158 2925 1235 2983 quo-

13 3081 14 3088 *
119 3036 176 3092 qne
197 3027 397 3094 praeterquam
420 3023 498 3095 quod
516 3027 586 3095 polo
608 3036 661 3094 pro
682 3026 752 3078 nolo
776 3018 900 3078 exhibet.
945 3013 1032 3076 von(
1051 3017 1148 3076 celero

184 3123 327 3199 nitetque]
353 3125 425 3183 ven.
449 3128 623 3199 cilarclquc.
927 3157 932 3166 ·

184 3225 321 3302 Sallusti]
345 3231 412 3287 l’ar.
436 3233 466 3285 et
488 3230 568 3288 flurl.
591 3226 726 3291 Sumam.
756 3229 831 3286 Veu.
855 3225 986 3303 Salusly.
1029 3225 1236 3283 casaubonum

119 3332 249 3408 „Mirum
280 3338 335 3405 est,
358 3332 383 3388 si
411 3332 519 3390 diserto
542 3333 665 3390 monitus
695 3333 792 3390 luerat
815 3330 935 3388 Asinius
967 3329 1057 3387 l’olllo
1081 3329 1117 3386 ab
1139 3325 1236 3404 Alejo,

118 3440 150 3493 ut
172 3434 305 3491 Sallustii
327 3435 532 3493 obscuritatem
554 3436 677 3509 ritaret,
709 3440 767 3492 torn
790 3433 917 3506 iniquum
947 3433 1042 3490 luisse
1072 3431 1127 3506 iusi
1149 3430 1237 3504 Ateio

119 3538 294 3613 Pollionem,
324 3542 356 3595 nt
385 3539 530 3597 scriberet
552 3555 642 3597 voces
674 3539 822 3596 obsoletas
852 3537 977 3612 suggeri
1005 3538 1041 3594 ob
1071 3555 1106 3597 eo
1136 3537 1237 3596 solitas

118 3641 268 3700 Sallustio.
313 3641 465 3714 seducto
488 3659 588 3703 verum
611 3657 679 3700 esau
711 3641 788 3714 quod
810 3640 906 3698 iuveni
933 3641 1101 3700 adnotatum
1130 3641 1159 3698 io
1182 3655 1237 3698 uo·

13 3825 14 3836 ἵ
117 3744 182 3801 dice
199 3745 367 3822 lloogarrii,
390 3745 540 3803 delendam
562 3747 618 3803 into
640 3746 707 3803 loco
730 3761 798 3804 esso
821 3761 922 3804 rocem
943 3737 1113 3806 Solomlii,“

528 3912 709 4000 ollnl
754 3913 824 4000 ll

183 4064 211 4120 l.
236 4061 386 4139 Valerius]
413 4064 479 4122 Par.
507 4061 657 4122 Valerios.
693 4063 739 4119 lle
767 4059 951 4133 praenomine
980 4056 1089 4116 Valcrll
1118 4056 1237 4116 anori-

115 4169 198 4236 plore
221 4164 328 4223 omisso
352 4183 379 4224 v.
403 4165 440 4221 ad
462 4180 489 4224 c.
513 4165 541 4224 9.
566 4165 626 4223 init.

181 4267 321 4344 Burseni]
346 4268 420 4340 Quia
441 4269 572 4342 ignotum
595 4269 652 4328 lroo
665 4267 805 4328 &mauis
824 4281 936 4344 nonen,
960 4267 1073 4326 tautaut
1090 4265 1144 4328 vlrl
1159 4265 1237 4328 docti
