3038 5032
529 463 581 476 ···
633 445 749 496 xxxlu
801 463 854 476 ····
911 441 913 452 ¹

130 611 314 696 argumenti
326 609 518 695 gravitatem
534 619 656 674 retenta
673 609 810 693 videtur,
827 609 951 673 abiecta
967 608 1067 675 altera
1088 623 1192 694 parte,
1218 621 1253 677 ut

128 737 167 780 re
178 717 222 804 ¹iri
237 712 321 777 libro
340 713 468 797 integro
486 712 660 798 superflua.
693 712 796 797 Quam
813 713 917 797 ipsam
931 711 974 775 ob
990 731 1140 778 caussam
1157 716 1252 778 etiam

134 816 284 883 Achilles
307 814 430 881 Statius
452 833 516 880 non
546 817 627 880 tanti
655 826 789 900 putasse
812 814 962 897 videtur,
992 816 1143 899 quentin
1164 814 1254 881 libris

14 963 20 972 ·
134 921 206 986 suis
231 917 575 1002 reperisset'lndicern
603 918 839 1001 transcribere,
864 918 984 1003 quippe
1012 916 1162 982 brevitati
1188 929 1256 982 stu·

133 1022 233 1087 dens:
257 1022 344 1108 quod
367 1021 421 1085 vel
444 1021 518 1087 inde
542 1023 663 1088 ciarum
687 1023 732 1105 fit,
757 1021 845 1106 quod
868 1041 909 1085 ne
932 1029 1007 1084 nota
1026 1020 1180 1085 inutiliter
1204 1041 1255 1084 re-

131 1137 275 1211 peteret,
299 1127 332 1189 in
353 1125 464 1191 indice
486 1129 661 1208 rhetorum,
686 1145 823 1211 quorum
847 1127 934 1190 vitae
956 1134 1108 1189 servatae
1131 1136 1253 1210 essent,
1312 1174 1324 1200 .

133 1229 264 1294 nomina
284 1228 472 1293 adscribere
491 1227 599 1294 sciens
624 1228 777 1313 neglexit.
806 1226 881 1316 Hoc
901 1247 981 1292 vero
1005 1246 1046 1318 eo
1070 1228 1171 1312 magis
1195 1227 1253 1292 do·

129 1333 281 1416 lendum,
310 1333 397 1417 quod
427 1335 520 1399 etiarn
547 1335 578 1404 in
603 1333 760 1422 Catalogo
791 1333 1074 1418 grammaticorum
1099 1333 1250 1398 nonnulla

128 1439 347 1522 reperiuntur,
383 1458 467 1523 quae
491 1458 532 1502 ex
555 1438 704 1503 Suetonii
724 1439 828 1522 ipsius
851 1443 952 1521 opere
975 1436 1056 1500 disci
1080 1448 1252 1520 nequeant,

132 1540 187 1605 vel
210 1539 272 1604 alia
294 1539 335 1603 de
357 1560 473 1604 caussa
498 1553 610 1605 notatu
633 1541 728 1626 digna
748 1547 833 1604 sunt.
867 1536 928 1603 Est
949 1539 1047 1624 igit-or
1065 1537 1172 1624 eliqua
1193 1559 1253 1604 sue

129 1645 183 1710 his
213 1643 377 1708 indicibus
398 1644 507 1727 tideo,
539 1645 672 1708 minime
691 1643 889 1728 spernenda.
941 1639 1050 1724 Quare
1082 1651 1254 1728 utrumque

132 1745 275 1842 Iudicem
293 1747 476 1832 exemplum
488 1746 526 1814 P.
540 1758 673 1814 secutus
694 1748 906 1832 repetendum
929 1749 1110 1838 eodemque
1134 1769 1199 1835 quo
1222 1751 1255 1814 iu

134 1851 252 1917 codice
283 1851 464 1916 collocatur
492 1853 566 1917 loco
595 1835 715 1918 curaui.
758 1849 849 1916 Haeo
879 1871 958 1916 vero
982 1853 1052 1936 ipsa
1076 1852 1174 1918 sedes
1197 1854 1255 1919 do·

137 1965 291 2022 cumento
316 1975 391 2022 esse
413 1965 532 2039 potest,
556 1943 705 2020 Suetonii
727 1956 819 2042 operi
842 1965 1015 2041 utrumque
1036 1954 1177 2021 indicem
1202 1977 1257 2021 ex·

135 2061 299 2126 trinsecus
330 2059 480 2123 adsutum
511 2079 605 2124 esse:
642 2059 748 2144 quod,
771 2058 800 2124 si
821 2055 883 2123 alia
907 2060 1041 2142 insuper
1062 2060 1255 2144 probatione

131 2163 267 2248 indiget,
278 2161 340 2226 'vel
361 2181 403 2225 ex
423 2181 464 2226 eo
485 2163 636 2246 cernitur,
660 2164 747 2249 quod
764 2164 796 2226 in
808 2163 847 2227 P.
864 2164 897 2226 in
915 2163 1025 2246 operis
1043 2163 1254 2248 inscriptione

131 2267 281 2332 subiecta
305 2265 346 2330 de
368 2267 445 2329 uiris
467 2264 643 2330 illustribus
665 2267 719 2348 egi
741 2266 867 2331 dicitur.
