3054 5000
567 401 620 420 ...
671 335 827 438 47'..

199 557 329 614 Nicanor
351 549 426 631 etc.]
451 559 482 615 u.
499 560 636 616 Nicanor
657 561 836 631 adprimus
857 563 900 617 uit
915 561 1032 632 famam
1046 565 1155 643 timui,
1178 567 1254 623 male

133 667 289 720 consutum
312 678 350 718 ex
373 662 581 734 superioribus.

202 763 342 838 negabit]
377 764 506 822 Woltius
539 765 744 838 suspicabatur
776 770 921 844 uepubat,
955 767 983 824 id
1016 770 1093 842 quoti
1124 777 1252 842 praestat

132 869 209 928 Pitb.
233 869 389 925 adnotante
405 869 543 926 schotto:
566 870 729 946 „pendente
743 871 946 948 inscriptione,
968 877 1001 932 ut
1024 873 1053 930 in
1075 873 1165 932 titulis
1179 875 1252 932 arti-

130 976 205 1032 bces
229 973 341 1030 solent:
363 970 484 1048 Apattm
503 975 648 1046 pinyebat
666 972 743 1034 etc.“

191 1053 385 1152 Postumius]
416 1076 480 1132 tloc
510 1093 612 1132 nomen
643 1092 697 1134 nec
727 1095 779 1150 pro
803 1079 976 1152 cognomine
999 1097 1066 1139 esse
1088 1087 1184 1154 potest
1207 1082 1251 1157 [v.

130 1175 299 1258 caueant,
333 1185 362 1236 et
397 1185 501 1251 peccat
535 1179 564 1236 in
597 1186 734 1256 metrum,
767 1184 844 1256 quoti
866 1184 1064 1242 hexametrum
1087 1192 1147 1260 est,
1178 1187 1250 1246 eliso

128 1285 241 1356 ubique
262 1300 286 1341 a.
305 1284 451 1341 Gronovio
469 1283 583 1342 vitetur
609 1285 695 1346 scrib.
712 1288 939 1367 Pbsmmtomus,
961 1288 1165 1360 Oudendorpio
1186 1293 1250 1348 Po·

127 1390 314 1446 stumuteius
336 1387 400 1462 [vel
423 1388 507 1446 etiam
537 1387 754 1462 Postutenus]‚
786 1405 888 1446 cumen
916 1407 953 1447 ex
975 1390 1119 1462 lapidibus
1142 1396 1249 1466 notum,

127 1498 158 1548 st
181 1493 262 1563 quod
285 1492 356 1549 latet
384 1496 511 1550 tortasse
538 1493 566 1548 in
597 1494 778 1550 aberratione
801 1494 980 1565 quorundam
1004 1494 1104 1565 colu,
1134 1499 1166 1552 ut
1189 1499 1250 1552 Pa-

127 1598 179 1659 ris,
206 1597 255 1673 [et
280 1599 361 1660 tisri.
386 1599 458 1654 Ven.
483 1603 512 1654 et
535 1593 592 1676 l‘.],
611 1606 682 1672 post
700 1601 799 1656 buttes.
840 1596 953 1656 Deinde
974 1604 1032 1658 scd
1051 1601 1134 1657 metri
1158 1617 1249 1658 eausa

126 1701 335 1773 interpolatum
372 1707 435 1775 est3
472 1702 556 1762 codd.
591 1706 656 1759 tcro
690 1697 797 1760 babent
833 1711 872 1764 at.
914 1703 1109 1763 wcnblvs.
1153 1704 1248 1764 Edidit

126 1805 222 1878 igitur
252 1808 443 1883 Postumius,
474 1807 554 1862 idem
583 1813 628 1884 nt,
660 1808 734 1879 quod
765 1807 878 1878 repetiit
908 1808 1067 1867 ltcrusius.
1110 1809 1248 1867 'l'rossius

128 1910 283 1982 vulgatam
316 1909 461 1980 expressit
492 1911 621 1965 saeuus
655 1911 846 1968 Postbumius
880 1893 959 1970 idem
994 1917 1051 1970 sed
1071 1915 1111 1974 M.
1135 1917 1179 1988 m,
1216 1915 1247 1970 P.

129 2012 278 2084 scripture
298 2011 376 2070 intra
399 2012 545 2085 adnotata.
580 2015 626 2070 lix
650 2030 707 2071 uno
730 2017 791 2078 Ms.
813 2016 925 2076 Statius
954 2019 1127 2090 atisrt'poat
1143 2018 1246 2092 buius,
1280 2032 1282 2040 ¹

128 2134 166 2175 ex
187 2119 283 2174 altero
302 2125 373 2191 post
397 2119 464 2195 bie,
501 2116 564 2188 ipse
587 2122 676 2175 totum
698 2119 795 2175 locum
817 2121 861 2178 sic
885 2122 1081 2179 constituens:
1115 2123 1267 2179 Saucius,
1365 2113 1374 2124 '

128 2226 270 2280 Nicanor
290 2225 393 2280 Murci
413 2224 537 2281 libertum
543 2264 555 2301 ,
591 2227 712 2294 neyuoit
730 2225 859 2284 Saucius
881 2227 1072 2304 Postumius,
1095 2227 1243 2282 notitiem

129 2329 261 2386 Murcus
284 2330 406 2388 docebit.
441 2327 563 2384 Minime
588 2343 659 2384 vero
682 2327 710 2384 in
735 2334 855 2386 metrum
880 2335 1027 2404 peccatur,
1050 2329 1198 2404 ateium,
1221 2329 1247 2390 si

128 2447 255 2502 peccare
278 2436 324 2489 est
347 2431 423 2505 quod
444 2432 545 2490 ultima
567 2430 688 2488 nominis
712 2433 886 2490 Postumius
914 2438 1033 2508 propter
1055 2432 1134 2492 arsin
1157 2433 1244 2492 scui-

129 2541 191 2609 tur3
223 2535 367 2608 usquein
390 2535 562 2610 cognomine
585 2537 759 2594 Postumius
790 2536 976 2600 haerendum.
1021 2541 1087 2596 Par.
1111 2543 1140 2595 et
1163 2540 1244 2600 llarl.

127 2649 160 2701 ot
180 2657 233 2713 pro
259 2644 321 2698 sect.
346 2643 377 2702 P.
402 2645 431 2696 et
457 2643 491 2700 u.
514 2656 580 2696 cum
607 2639 681 2699 Vsu.
711 2657 765 2719 oc,
790 2643 866 2713 quoi
889 2641 1087 2718 verissimum,
1117 2642 1246 2715 iungen-

127 2745 195 2801 dum
218 2744 334 2802 scilicet
356 2761 421 2802 cum
445 2748 534 2824 idcio,
558 2759 615 2817 quo
638 2743 750 2802 demum
772 2762 879 2802 sensus
903 2746 1030 2804 ettioitur
1051 2746 1245 2818 necessarius,

126 2853 159 2904 ut
182 2864 243 2905 una
266 2849 423 2921 cariemque
446 2863 570 2921 persona
592 2847 620 2902 in
644 2852 767 2920 utroque
780 2865 867 2906 versu
888 2848 1076 2922 intelligatur,
1114 2849 1245 2920 Recepto

127 2968 198 3009 vero
221 2967 262 3008 uc
283 2967 388 3008 versus
412 2952 484 3010 ruita
514 2967 572 3023 quo
596 2934 629 3010 bt
650 2955 683 3008 ut
705 2950 768 3023 ipsc
790 2968 827 3008 an
859 2949 1032 3012 Postumius
1053 2956 1134 3010 recte
1155 2951 1245 3024 legs-

23 3123 24 3128 *
126 3059 175 3115 tur
208 3056 395 3115 vehementer
429 3056 572 3113 dubitem:
606 3059 729 3128 ruetque
759 3055 859 3127 ntique
886 3073 1008 3132 versus,
1044 3055 1245 3126 uniuscunque

127 3159 250 3216 nominis
273 3159 475 3218 nominativum
497 3175 688 3233 reponemus,
717 3157 757 3214 ita
779 3164 812 3214 ut
835 3158 982 3231 probabile
1004 3158 1042 3214 sit
1065 3162 1133 3216 ante
1154 3159 1243 3232 idem,

128 3263 153 3318 si
168 3263 286 3335 qoirlcm
300 3265 474 3322 Postumius
489 3264 653 3336 probemus,
677 3261 740 3318 sive
758 3262 932 3337 Postumus,
952 3261 1029 3333 quod
1049 3275 1142 3334 aeque
1158 3257 1243 3316 scribi
1306 3237 1311 3248 ¹

127 3373 244 3442 posset,
274 3384 360 3430 unam
383 3369 561 3440 alteramque
583 3366 724 3437 syllabam
756 3364 907 3422 excidisse.
954 3363 1139 3422 Potissimum
1168 3379 1244 3423 nuuc

127 3471 233 3546 visam,
258 3471 388 3528 codicum
415 3471 567 3529 lectionem
590 3471 726 3527 exhibere
748 3470 933 3529 immutatam.

191 3572 246 3648 ac]
272 3573 339 3632 Vct.
362 3575 444 3648 impr.
467 3574 629 3651 lectionem,
653 3591 711 3646 qna
738 3591 775 3632 uc
798 3572 951 3650 omittitur,
985 3572 1040 3631 sibi
1062 3574 1180 3646 placere
1203 3571 1243 3628 ait

128 3678 258 3754 Statius,
283 3678 471 3751 probavitque
496 3679 701 3741 casaubonus.

191 3783 221 3841 2.
246 3781 389 3840 infamiam
413 3780 572 3856 quandum]
594 3783 669 3839 Pitb.
692 3783 857 3852 infirmium.
899 3787 907 3794 “

191 3885 289 3958 ibique
303 3886 375 3943 diem
391 3884 505 3960 obisse]
520 3885 587 3943 Alia
602 3885 689 3943 lectio
703 3887 803 3962 ibique
819 3887 929 3942 dicitur
940 3884 1050 3939 obiisse
1072 3881 1174 3939 CASA
1182 3881 1241 3944 vu.

127 3991 194 4048 Vox
225 3977 306 4048 diesu'
332 3990 359 4047 in
391 3993 457 4053 Par.
488 3990 527 4047 lta
556 3991 682 4066 scriptu,
710 3994 744 4048 ut
771 3993 843 4046 dicit
868 3986 1029 4062 significet,
1063 4001 1184 4057 prorsus
1210 3991 1242 4045 ut

126 4105 149 4162 c,
175 4094 205 4154 9.
230 4094 374 4152 Distincte
397 4097 471 4166 dicit
489 4095 569 4151 llsrl.
603 4096 674 4150 Τιιιιι
698 4095 796 4151 obisse
818 4091 922 4163 scripsi
945 4107 980 4146 ex
1004 4091 1063 4151 PR.
1087 4094 1116 4147 et
1137 4095 1185 4162 u,
1209 4097 1242 4150 ut

24 4225 26 4234 ¹
125 4220 214 4275 supra
237 4204 394 4260 tremisse.
