3038 5032
665 415 896 502 -v,—

224 590 305 664 test,
341 599 403 665 qua
434 577 534 664 pollet
564 579 678 643 eximia
709 581 866 647 acuminis
889 582 1059 666 facultate,
1096 583 1127 647 in
1155 594 1220 648 tam
1248 583 1335 650 clara

223 685 296 750 luce
325 686 451 769 posuit,
483 693 517 749 ut
546 685 700 750 secundis
723 687 811 751 curis
834 686 911 751 nihil
935 688 997 750 iarn
1019 686 1168 754 relictum
1191 710 1266 756 esse
1289 693 1336 756 vi·

174 824 178 830 ·
223 787 338 852 deatur
361 788 424 854 nisi
450 797 482 850 ut
506 789 612 872 magni
637 787 722 853 illius
746 788 855 872 operis
876 789 1032 875 quidquid
1054 801 1192 856 aetatem
1216 793 1335 876 tulerit,

222 894 414 983 auctoritate
437 893 594 977 cuiusque
617 892 787 980 fragmenti
810 896 1000 978 examinata,
1025 896 1057 960 in
1081 917 1179 962 unum
1203 896 1337 982 colliga·

222 1010 275 1063 tur
307 1000 458 1083 iustoque
492 998 605 1062 ordine
637 999 813 1082 digeratur,
846 1021 910 1086 quo
939 1001 1051 1066 amissi
1084 1001 1195 1084 operis
1230 1002 1335 1068 saltim

223 1105 328 1188 imago
353 1103 515 1168 reddatur.
549 1103 609 1168 Hic
632 1103 725 1169 labor
747 1105 876 1170 tametsi
899 1125 976 1170 cura
999 1105 1136 1172 hominis
1161 1105 1247 1172 docti
1271 1109 1337 1172 sin·

221 1205 325 1290 gulari
349 1227 504 1291 perquam
528 1207 644 1300 dignus
668 1208 761 1292 foret,
785 1221 892 1274 tamen
915 1212 1108 1294 quominus
1137 1211 1208 1294 ipse
1232 1211 1336 1276 susci-

222 1332 332 1395 perem
361 1311 611 1395 perficiendum,
644 1333 707 1376 non
735 1323 800 1376 tam
832 1317 1012 1400 argumenti
1036 1315 1218 1382 difficultas
1240 1337 1335 1400 quam

222 1415 375 1499 cogitatio
395 1435 445 1478 me
466 1415 629 1499 deterruit,
654 1437 724 1480 eam
747 1427 872 1500 partem
895 1439 979 1502 quae
1001 1417 1043 1482 ad
1065 1419 1148 1482 vitas
1166 1429 1335 1502 poetarum

222 1528 358 1602 spectat,
382 1517 469 1584 haud
490 1538 591 1602 posse
614 1531 793 1585 correctam
816 1530 891 1585 ante
913 1522 1038 1609 vulgari
1056 1527 1150 1608 quain
1176 1541 1260 1607 quae
1279 1521 1335 1585 ad-

223 1623 287 1688 huc
314 1623 346 1685 in
375 1622 580 1687 bibliothecis
611 1624 754 1690 subsidia
790 1626 1009 1710 manuscripta
1044 1624 1235 1690 delitescant
1259 1625 1334 1690 usui

222 1725 352 1811 puhlico
376 1725 502 1803 reclusa
526 1728 598 1790 sint.
636 1727 748 1812 ltaque
771 1747 833 1814 ego
857 1729 987 1812 quidem
1009 1748 1138 1793 manum
1156 1727 1196 1791 dc
1214 1727 1333 1809 tabula,

222 1830 289 1916 qui,
314 1849 413 1915 quum
433 1832 465 1894 in
488 1832 709 1896 concinnanda
730 1831 869 1896 Historia
893 1831 1183 1898 Grammaticorum
1207 1832 1335 1896 Latino·

222 1953 293 1998 rum
312 1933 420 1999 multis
435 1935 552 2000 abhinc
573 1938 665 2000 aunis
686 1946 876 2020 occupatus,
894 1935 1123 2000 intellexissem
1143 1957 1161 1999 a
1181 1933 1330 1999 Suetonii

221 2037 331 2102 libello
357 2049 495 2123 utroque
522 2039 563 2104 de
581 2061 715 2125 gramm.
738 2051 769 2102 et
788 2039 828 2104 de
854 2040 934 2104 rhet.
968 2040 1181 2105 cummaxime
1204 2039 1332 2123 prolici-

221 2142 376 2207 scendum
400 2143 475 2208 mihi
491 2163 577 2226 esse,
601 2144 742 2229 nihilque
765 2146 797 2208 in
820 2165 860 2209 eo
883 2144 995 2209 labore
1014 2145 1204 2212 sustinendo
1219 2144 1332 2230 pertici

222 2267 321 2330 posse
351 2248 412 2312 nisi
440 2249 472 2311 in
501 2258 651 2332 promptu
682 2260 771 2314 esset
799 2268 911 2312 eorum
934 2248 1116 2312 libellorum
1145 2243 1328 2331 exemplum

222 2361 377 2436 quantum
400 2350 468 2414 lieri
490 2362 604 2435 posset
624 2353 709 2416 vitiis
722 2352 839 2436 quihus
858 2352 1040 2416 etiamnunc
1056 2350 1333 2416 commaculantur

221 2465 413 2540 purgatum,
445 2475 577 2540 operam
610 2476 713 2520 meam
747 2456 840 2521 unice
871 2453 1084 2539 impenderim
1114 2459 1146 2520 io
1178 2454 1332 2540 colligen-

222 2558 272 2624 dis
306 2558 498 2643 quibusdam
532 2560 651 2624 criticis
679 2560 920 2644 instrumentis,
952 2559 992 2624 de
1022 2559 1208 2626 adornanda
1238 2569 1270 2623 et
1298 2560 1332 2623 in

221 2664 340 2750 vulgus
374 2664 545 2730 emittenda
577 2665 718 2729 editione
740 2665 989 2750 haudquaquam
1019 2666 1177 2750 cogitans.
1220 2665 1331 2730 Talem

222 2777 329 2832 autem
362 2767 487 2832 interim
517 2788 534 2832 a
566 2767 660 2832 Laur.
697 2768 851 2833 Lerschio
882 2771 1006 2853 parari,
1040 2789 1099 2852 per
1122 2770 1244 2853 ipsum,
1279 2767 1336 2852 qui

222 2879 330 2935 erata
355 2872 539 2954 primordiis
561 2873 664 2956 ipsius
688 2872 869 2938 studiorum
902 2874 972 2956 ipsa
1001 2874 1115 2938 horum
1139 2871 1332 2959 cognatione

222 2972 297 3036 mihi
320 2973 428 3038 intima
453 2975 692 3040 necessitudine
715 2978 924 3062 coniunctus,
948 2980 1067 3043 certior
1091 2980 1194 3044 lactus
1216 2975 1333 3040 nullam

146 3148 151 3161 Ι
223 3078 401 3162 interposui
425 3087 547 3144 mora'nr
571 3100 635 3164 quo
658 3083 764 3146 minus
788 3102 871 3166 quae
893 3083 935 3147 ad
956 3082 1146 3166 iuvandum,
1180 3090 1334 3165 quantum

221 3181 254 3244 in
276 3201 328 3245 me
351 3190 457 3262 esset,
487 3182 657 3247 consilium
680 3183 756 3248 eius
780 3183 991 3270 laboremque
1018 3195 1207 3270 susceptum
1235 3182 1334 3266 perti·
1388 3229 1389 3233 ,

223 3304 302 3364 nere
322 3285 440 3349 scirem
463 3284 516 3349 vel
538 3286 570 3349 io
592 3296 744 3370 promptu
766 3288 838 3371 ipse
860 3288 1012 3352 haberem
1035 3306 1172 3352 cum'eo
1191 3305 1336 3353 eommu-

223 3387 364 3452 niearem
388 3396 509 3451 tantum
533 3409 597 3451 noo
620 3390 737 3453 omnia.
770 3387 837 3454 Sed
860 3391 986 3475 coeptis
1009 3390 1137 3456 fortuna
1161 3409 1224 3454 non
1246 3390 1335 3454 iavit.

222 3489 360 3554 Homine
373 3492 495 3575 optimo
514 3492 663 3556 omnihus
682 3491 778 3558 bonis
792 3493 973 3578 litterisque
986 3505 1109 3560 matura
1126 3493 1209 3558 eheu
1227 3502 1331 3558 morte

223 3605 353 3676 erepto,
378 3615 475 3679 quum
498 3615 604 3680 neque
627 3599 850 3680 percunctanti
872 3597 947 3662 mihi
964 3596 1201 3663 derelictorum
1220 3617 1239 3662 a
1258 3597 1335 3661 Ler-

221 3696 314 3764 schio
344 3697 537 3763 schedarum
562 3699 635 3765 latis
658 3699 772 3764 Bonna
800 3702 1063 3786 responderetur,
1096 3721 1202 3794 neque
1225 3721 1336 3785 quom·

114 3798 118 3812 “
223 3821 318 3886 quam
351 3802 468 3867 scirem
501 3803 556 3888 qui
580 3803 726 3870 desertas
755 3815 864 3888 partes
897 3804 1005 3871 denuo
1038 3806 1071 3869 in
1100 3825 1137 3870 se
1166 3805 1335 3889 suscipere

222 3903 340 3988 vellet,
379 3907 481 3989 primo
516 3928 622 3974 meum
654 3909 685 3970 in
716 3928 811 3974 usum
845 3911 969 3976 institui
1003 3927 1115 3976 eorum
1154 3907 1336 3974 libellorum

221 4008 405 4092 exemplum
438 4010 619 4093 conficere,
652 4022 766 4095 postea
799 4015 902 4079 auctis
936 4013 1073 4079 subinde
1113 4013 1217 4098 copiis
1251 4015 1331 4078 meis

224 4114 370 4196 proximo
395 4133 483 4190 ,anno
511 4115 681 4182 consilium
703 4117 775 4204 cepi
803 4116 923 4182 laboris
953 4117 1014 4182 mei
1044 4117 1183 4183 fructum
1206 4118 1238 4182 in
1262 4117 1331 4182 vnl-

222 4237 283 4282 vus
306 4217 480 4283 emittendi.
