3038 5032
710 385 977 438 -xw-

290 555 436 626 tentione
459 551 531 637 tttn,
555 553 608 620 cui
637 553 799 622 variantes
822 572 839 616 a
863 547 983 616 Voseic
1012 567 1053 614 ex
1076 547 1149 614 cod.
1172 547 1323 616 diedtceo
1346 547 1404 612 ad·

290 659 429 744 scriptas
452 657 554 726 tutent
576 655 827 742 Oudendorpius
850 653 1056 728 Praefatione
1080 661 1205 736 narrat,
1236 649 1334 716 debet
1355 649 1405 714 di·

289 783 422 830 versum
444 763 561 848 putari,
586 759 847 848 quandoquidem
868 775 926 824 eae
949 757 991 823 od
1013 755 1105 824 Vitas
1121 755 1210 822 solas
1233 766 1404 840 spectasse

290 869 451 952 videntur,
474 869 550 936 idae
569 887 649 933 vero
672 865 788 932 ductae
810 863 915 930 eidem
932 862 1163 948 Oudendorpio
1188 882 1228 928 ex
1250 862 1322 929 cod.
1340 861 1404 927 Pe·

289 975 366 1041 tavii
389 972 539 1038 dicuutur
561 971 602 1036 ad
625 969 682 1036 Gr.
706 971 747 1036 10
763 970 852 1054 fecit,
875 969 928 1035 hic
952 965 1081 1054 quidem
1095 966 1279 1032 dubitanter
1301 965 1405 1051 („Ms.

289 1075 402 1141 Peter.
425 1084 457 1140 et
481 1073 563 1140 cott.
587 1073 685 1138 Voss.
708 1074 867 1155 ciusdem,
890 1074 922 1138 ni
945 1071 1050 1155 satior,
1077 1071 1257 1155 codicia“),
1278 1071 1339 1138 sed
1361 1073 1405 1136 ad

292 1179 333 1244 17
355 1175 574 1267 denirpcliron
603 1189 635 1242 et
658 1177 700 1242 18
734 1176 774 1258 Q.
796 1177 892 1244 secti
917 1178 988 1242 sine
1018 1187 1104 1242 metu
1129 1176 1249 1242 erroris
1281 1173 1404 1260 („Coli.
1502 1183 1503 1230 t

289 1281 388 1348 Voss.
412 1279 535 1348 codicis
557 1279 772 1358 Petaviani“).
816 1279 891 1366 lpse
914 1278 1064 1365 Vossius,
1089 1281 1182 1347 cuius
1205 1279 1327 1346 codicis
1350 1301 1406 1346 ve·
1502 1309 1503 1314 ¹

289 1388 409 1452 riantes
441 1386 671 1472 exscripserit,
704 1384 880 1452 eductaese
902 1404 967 1450 non
989 1383 1126 1466 videtur,
1160 1393 1313 1470 quantum
1336 1385 1406 1470 qui·

290 1490 363 1556 dem
387 1510 427 1556 cx
450 1489 590 1556 obscura
612 1489 795 1556 Vossianus
817 1487 1000 1554 collationis
1029 1488 1184 1552 memorio
1208 1485 1405 1552 concludere

289 1595 382 1675 licet,
403 1615 499 1681 quam
523 1595 612 1660 dedit
633 1591 885 1679 Oudendorpius
920 1604 995 1660 nota
1018 1591 1057 1656 ad
1081 1590 1154 1658 libr.
1177 1591 1218 1656 de
1240 1589 1296 1656 Gr.
1319 1593 1404 1672 init,
1454 1633 1463 1646 -

289 1717 352 1764 suo
374 1697 449 1762 loco
480 1697 616 1764 unobis
646 1698 792 1780 repetita.
837 1693 959 1762 Verum
989 1706 1096 1762 autem
1125 1694 1246 1760 vidisse
1275 1694 1405 1760 Ouden-

290 1799 451 1883 dorpiunt,
474 1799 557 1864 inira
578 1798 633 1864 ubi
651 1797 692 1864 de
707 1797 885 1866 Parieiensi
900 1797 985 1864 libro
1001 1816 1110 1866 sermo
1131 1798 1203 1882 erit,
1227 1798 1405 1866 ostendam.

355 1904 385 1968 3.
408 1901 592 1992 Bonparaii
611 1902 696 1985 Mn,
720 1902 762 1968 ad
785 1900 879 1970 Get
901 1902 1023 1990 Nepos.
1049 1899 1288 1970 Commemorat
1310 1903 1404 1968 ctiam

290 2005 434 2074 Woltina
458 2004 500 2074 ad
522 2005 545 2072 t
567 2005 709 2074 ostendit
728 2026 769 2076 ex
789 2004 928 2092 Schctti,
952 2017 986 2072 ut
1008 2006 1064 2092 ait,
1087 2007 1252 2090 memoria,
1275 2005 1405 2072 Ouden-

291 2111 407 2195 dorpic
430 2120 568 2179 tacente.
596 2108 675 2187 .H,ie
697 2129 778 2176 vcro
798 2129 896 2196 quem
926 2109 1054 2176 Schctti
1077 2111 1207 2176 nominc
1229 2109 1322 2176 affert
1350 2130 1405 2175 cc-

291 2213 395 2280 dicem
417 2213 459 2281 ad
480 2213 503 2276 4
523 2214 663 2296 nomiae,
686 2223 841 2300 quantum
865 2232 906 2280 ex
934 2213 1061 2282 Schotti
1085 2215 1164 2283 Oba.
1196 2215 1282 2284 hum.
1305 2214 1328 2298 t,
1354 2216 1405 2298 17,

290 2317 332 2386 ab
370 2317 444 2402 ipso
482 2314 716 2404 Oudendorpio
760 2316 919 2402 laudatis,
958 2319 1185 2404 cognoscitur,
1224 2318 1283 2386 tuit
1317 2317 1406 2384 Petri

290 2419 417 2486 Pitheci
447 2419 469 2483 Ι.
497 2419 553 2500 C„
586 2421 631 2486 ita
662 2432 697 2487 ut
728 2421 815 2507 quod
838 2419 980 2489 Wcldus
1010 2419 1230 2514 Bongeraium
1253 2422 1405 2503 nominat,

291 2525 396 2590 errori
420 2522 624 2590 tribuendum
647 2525 708 2609 sit,
742 2526 834 2612 inde,
869 2538 904 2594 ut
926 2527 1064 2611 opinor,
1088 2526 1284 2611 repetendo,
1318 2525 1406 2612 quod

292 2625 521 2709 Casaubonus‚
544 2638 581 2700 ut
603 2626 644 2696 ad
668 2626 808 2696 Gramm.
833 2632 903 2698 init.
925 2630 1042 2714 retent,
1067 2629 1225 2697 lectiones
1249 2629 1405 2716 quasdam

291 2747 334 2794 ex
356 2727 451 2795 codd.
484 2728 610 2796 Pitheci
632 2740 666 2796 et
686 2730 811 2798 Petavii
841 2743 1013 2818 excerptas
1046 2751 1199 2802 sacoma
1222 2730 1406 2819 Bongarsio
1504 2751 1505 2758 ¹

288 2833 542 2903 communicatas
564 2831 682 2900 habam.
717 2832 893 2902 Praeterea
915 2836 1003 2905 hunc
1026 2833 1154 2903 Pitheci
1177 2835 1324 2904 codicem
1340 2835 1406 2900 Ou-

288 2934 499 3018 dendorpius,
522 2936 577 3027 qui
599 2955 641 3002 ex
664 2933 736 3002 solo
758 2936 896 3004 Schotto
919 2935 1022 3030 affert,
1045 2935 1261 3018 ePataviano
1283 2937 1405 3010 disma-

292 3038 339 3104 nit
372 3037 414 3102 ad
449 3037 504 3104 Gr.
542 3039 582 3110 18
617 3041 655 3120 Q.
692 3039 796 3106 Sexti.
841 3037 891 3104 De
916 3037 1030 3106 codice
1059 3049 1165 3106 autem
1192 3039 1255 3115 illo,
1279 3039 1406 3110 Schotti

292 3141 313 3210 l.
347 3138 369 3208 l.
407 3139 580 3210 nonnullos
615 3142 765 3216 Suetonii
800 3142 842 3208 de
875 3142 918 3208 tlt
958 3161 1092 3229 gramm.
1126 3153 1160 3210 et
1198 3143 1279 3212 rhet.
1312 3144 1405 3220 locos

289 3247 458 3314 tractantis
488 3245 569 3316 haec
598 3256 675 3315 sunt
704 3245 823 3313 verba:
854 3245 948 3332 „Nos
977 3257 1184 3334 aratroque
1213 3246 1321 3316 libello
1342 3270 1405 3318 suo

288 3364 437 3432 quaeque
468 3347 544 3415 toco
575 3349 777 3418 nonnullae
807 3349 1004 3419 membranis
1033 3369 1115 3434 ques
1149 3350 1295 3420 Lutetiae
1328 3351 1405 3426 cum

287 3448 358 3516 Pet.
380 3448 506 3516 Pithoei
532 3449 555 3518 Ι.
583 3450 621 3522 C.
645 3454 766 3538 optime
789 3453 830 3518 de
852 3452 961 3520 multis
994 3453 1208 3538 scriptoribus
1232 3455 1337 3522 meriti
1358 3456 1406 3521 in·

288 3551 455 3639 dulgentia
482 3573 521 3622 ec
543 3554 702 3622 beneficio
732 3558 861 3642 inspexi
889 3555 1105 3642 appendam.“
1152 3557 1272 3624 Harum
1295 3559 1407 3649 copia·

287 3677 359 3724 rum
382 3677 400 3723 a
417 3655 555 3724 Schctto
579 3660 799 3746 appositurum
823 3661 944 3726 fontem
960 3679 1025 3731 uon
1041 3661 1260 3746 spernendum
1274 3663 1406 3730 Ouden-

288 3759 425 3846 dorpiua
448 3760 578 3828 minime
602 3762 768 3830 exhausit:
792 3783 888 3849 quern
916 3763 1063 3830 lahorem
1086 3765 1311 3846 enuntiandum
1335 3767 1406 3851 ipae

288 3865 436 3949 recipere
461 3861 558 3930 debui
580 3864 767 3952 inseruique
789 3868 1025 3938 commentariis
1048 3869 1128 3936 meis
1151 3869 1320 3938 univoce
1341 3888 1405 3939 suo

291 3985 452 4054 quumque
481 3965 555 4036 loco
589 3966 747 4036 lectiones
768 3971 865 4041 haim
887 3972 1031 4058 codicis,
1061 3974 1150 4044 Pitlt.
1173 3974 1405 4062 compendiosa

286 4087 313 4141 a.
333 4089 385 4136 nte
412 4071 581 4157 nomicmi,
613 4071 770 4160 quidquid
798 4094 818 4143 a
844 4073 982 4146 Sehctto
1011 4077 1163 4146 traditum
1191 4080 1308 4164 reperi.
1354 4077 1405 4145 De

287 4168 465 4254 Pithoeauo
490 4175 570 4257 ipfre
603 4177 720 4245 iterum
748 4186 781 4245 et
807 4181 991 4251 accuratius
1014 4180 1185 4264 dicandum
1208 4183 1279 4253 erit·
