3054 5000
742 401 1003 480 ..44-

313 615 402 658 muso
425 599 662 672 permittitur...
686 598 853 656 Sententiae
882 611 998 669 quoque
1027 601 1057 654 et
1079 595 1177 653 chriae
1207 602 1236 654 et
1259 597 1430 672 ethologiae

313 703 451 762 subiectis
474 703 614 762 dictorum
638 703 799 762 rationibus
822 702 897 773 apud
920 701 1126 775 grammaticos
1148 701 1331 778 scribantur,
1365 701 1433 774 quia

313 807 420 866 initium
449 825 486 864 ex
519 808 643 865 lectione
681 808 805 878 ducunt3
836 819 957 878 quorem
985 805 1109 862 omnium
1139 803 1241 861 similis
1271 809 1323 860 est
1341 805 1431 878 ratio,

312 915 406 970 mma
427 912 556 968 diversa:
579 907 811 982 quia'seuteutia
824 907 1007 966 -univeraalis
1030 913 1076 964 est
1097 923 1169 982 vox,
1193 907 1344 981 ethologia
1358 923 1433 980 per-

313 1015 393 1073 sonis
426 1013 591 1072 continetur
611 1053 663 1074 ...
696 1013 802 1070 Cetera
834 1010 952 1069 maioris
987 1011 1084 1083 operis
1117 1026 1153 1067 ac
1182 1011 1303 1084 spiritus
1319 1011 1433 1069 ‘Latini

312 1122 517 1191 praeceptores
539 1115 728 1187 relinquendo
745 1116 912 1172 necessaria
931 1114 1127 1188 grammaticis
1145 1118 1298 1172 recerunt:
1323 1114 1433 1174 Graeci

312 1220 407 1294 magis
437 1235 556 1292 operum
589 1234 708 1276 suorum
741 1223 771 1275 et
804 1234 893 1275 onera
925 1223 954 1274 et
984 1220 1097 1276 modum
1126 1223 1241 1276 norunt.
1287 1223 1373 1276 llaec
1397 1218 1433 1276 de

312 1323 501 1398 grammatice
534 1339 619 1395 quarn
646 1321 815 1380 brevissime
848 1321 928 1394 potui
947 1323 1034 1382 etef‘
1079 1325 1152 1380 Tum
1184 1323 1222 1380 dc
1257 1322 1432 1395 paraphrasi

313 1428 385 1486 idem
415 1427 451 1502 X,
482 1427 512 1502 5,
542 1426 579 1486 5:
621 1428 744 1501 „Neque
773 1439 831 1500 ego
853 1417 1043 1505 παράφρασιν
1073 1442 1140 1484 esse
1161 1426 1431 1498 interpretationem

312 1538 421 1590 tautum
445 1532 528 1606 volo,
551 1531 602 1588 sed
626 1529 707 1586 circa
729 1530 845 1586 eosdem
867 1545 984 1616 seusus
1005 1533 1151 1586 certamen
1182 1536 1270 1602 atque
1292 1531 1431 1588 aemula-

313 1637 428 1695 tionem.
472 1634 600 1706 ldeoque
624 1633 659 1689 ab
688 1633 745 1689 illis
768 1632 924 1708 dissentio,
955 1633 1004 1704 qui
1024 1637 1139 1692 vertere
1171 1635 1318 1692 orationes
1342 1635 1430 1692 hati-

184 1783 192 1792 .
312 1759 365 1798 nas
392 1742 508 1813 vetant,
542 1737 610 1809 quia
639 1736 752 1808 optimis
781 1736 949 1812 occupatis,
979 1736 1116 1808 quidquid
1146 1737 1230 1794 aliter
1259 1737 1430 1815 dixerimus,

311 1859 433 1901 necesse
456 1841 494 1899 sit
516 1857 583 1898 esse
606 1840 744 1900 deterius.
788 1842 863 1920 Nam
886 1855 979 1912 neque
1002 1855 1116 1912 semper
1138 1845 1184 1898 est
1202 1842 1430 1914 desperandum,

311 1943 418 2017 aliquid
440 1943 507 2019 illis,
530 1959 605 2015 quae
627 1943 705 2000 dicta
727 1948 804 2021 sunt,
827 1942 930 2000 melius
953 1959 1041 2015 posse
1062 1944 1200 2016 reperiri:
1228 1961 1324 2017 neque
1356 1947 1430 2002 adeo

311 2047 433 2105 ieiunam
457 2062 492 2102 ac
514 2061 669 2118 pauperem
691 2051 794 2103 natura
817 2045 1009 2117 eloquentiam
1021 2047 1099 2121 lecit,
1122 2050 1154 2103 ut
1174 2064 1232 2104 una
1251 2049 1335 2104 dere
1353 2049 1430 2106 hene

310 2150 376 2226 dici,
401 2149 454 2207 uisi
476 2148 575 2224 senei,
598 2164 655 2206 noo
679 2147 799 2221 possit‘.
841 2148 950 2218 Contra
971 2148 1044 2206 solis
1066 2149 1230 2208 rhetoribus
1256 2151 1429 2224 peripleu-
1502 2171 1505 2180 ·

308 2259 352 2312 aia
373 2253 554 2326 relinquitur.
600 2251 679 2308 ldem
710 2251 793 2328 V111,
825 2251 858 2325 65
880 2249 936 2306 61:
974 2251 1138 2328 „Quidquid
1166 2253 1243 2328 *enim
1264 2254 1429 2328 sigomeari

310 2359 428 2417 brevius
451 2359 561 2432 potest,
585 2361 614 2414 et
637 2372 701 2414 cum
724 2360 826 2413 ornatu
850 2354 939 2412 latius
963 2358 1138 2434 ostenditur,
1161 2354 1340 2438 περίφρασις
1364 2367 1428 2417 est:

311 2462 358 2520 cui
380 2479 481 2520 nomen
511 2462 614 2520 Latine
636 2461 733 2518 datum
764 2465 825 2536 est,
856 2476 912 2516 nou
935 2477 1006 2518 saue
1035 2463 1172 2520 orationis
1195 2471 1291 2537 aptum
1316 2466 1429 2544 virtuti

309 2569 542 2624 circuuelocutto.
577 2568 687 2621 Verum
708 2564 782 2621 haec
803 2570 845 2641 ut,
869 2580 933 2622 oum
952 2566 1089 2624 decorum
1108 2567 1204 2643 habet,
1224 2573 1428 2684 periplcusia

310 2671 365 2745 ita,
389 2685 454 2726 oum
476 2668 504 2725 in
528 2667 626 2725 vatium
649 2665 1007 2748 tantulumcunque
1017 2670 1151 2730 drettur“

373 2771 581 2846 allocutiones]
604 2771 796 2828 Etocotiooes
827 2770 875 2845 [ut
898 2771 1091 2847 vulgabatur]
1115 2775 1223 2832 mutavi
1254 2769 1285 2834 iti
1305 2781 1428 2837 odaeu-

309 2883 402 2937 ticnea
436 2893 472 2934 cx
506 2875 596 2934 Paris
630 2871 859 2952 [alloquuticneo
894 2889 959 2931 cum
994 2877 1075 2939 Harl
1105 2876 1271 2958 exhibente]
1307 2886 1336 2938 et
1359 2883 1429 2941 aliis

308 2985 383 3040 Mas.
418 2981 503 3040 Cant.
526 2980 668 3051 caperon.
692 2979 729 3034 ad
753 2977 869 3046 Quintil.
892 2979 916 3053 1,
939 2977 972 3042 9.
995 2995 1022 3050 p.
1047 2979 1097 3037 65
1121 2983 1249 3041 thhli.
1273 2987 1312 3040 V.
1327 2989 1428 3069 tamen

300 3082 500 3157 [spaldingp.
525 3081 598 3142 20⁷.
629 3085 720 3140 Voss
743 3079 955 3143 adlocutiones
992 3081 1085 3140 Alioc.
1109 3084 1196 3141 ctiam
1217 3085 1339 3150 Mediul.

370 3183 606 3260 ethologiale‘.
630 3185 807 3256 etloiclopo'aa
842 3187 906 3241 Par.
931 3190 961 3241 et
983 3186 1062 3242 Harl.
1087 3191 1286 3262 etymotoptos.
1309 3195 1343 3248 B.
1358 3208 1427 3250 cunr

307 3294 383 3352 ven.
406 3291 616 3360 ethimotopo'as.
652 3289 769 3346 Mediol.
794 3289 984 3360 cetlwlopa'aa.
1019 3292 1056 3345 V.
1081 3305 1156 3362 quac
1173 3292 1367 3352 excitavimus
1388 3311 1426 3352 ex

307 3393 424 3465 Quintil.
446 3395 471 3468 1,
494 3393 531 3469 9,
555 3391 603 3449 ubi
625 3390 654 3448 iu
677 3393 775 3450 eadem
799 3407 872 3448 voca
895 3391 977 3449 iidem
1001 3407 1116 3449 errores
1139 3393 1285 3452 scribendi
1303 3397 1426 3456 codices

306 3497 492 3571 invaserunt,
515 3513 534 3552 a
555 3495 727 3569 Spaldiagio
750 3495 858 3568 notati,
885 3495 1000 3552 collatis
1022 3494 1063 3552 iis.
1086 3511 1161 3568 quae
1189 3498 1331 3570 leguntur
1351 3500 1425 3562 ibid.

308 3617 333 3660 o.
358 3599 387 3674 8,
413 3599 469 3657 lte
499 3599 681 3673 „Praecipue
714 3615 783 3655 vero
805 3597 855 3654 illa
884 3597 988 3670 inligat
1021 3597 1139 3672 animis,
1172 3613 1246 3670 quae
1275 3599 1304 3656 io
1328 3617 1426 3660 oeco-

307 3703 401 3766 nomia
422 3702 529 3777 virtus,
552 3718 627 3775 quae
649 3703 677 3758 iu
700 3701 806 3758 decoro
828 3715 941 3776 rerum5
964 3699 1032 3772 quid
1054 3715 1199 3772 personae
1221 3703 1425 3775 cuiquecon-

306 3809 432 3884 venerit3
463 3808 529 3881 quid
559 3809 590 3864 in
612 3805 745 3864 sensibus
767 3805 958 3880 laudandum,
982 3805 1049 3876 quid
1071 3803 1102 3860 in
1130 3803 1257 3862 uerbia.“
1301 3809 1425 3868 Morum

307 3913 519 3988 descriptiones
542 3913 756 3986 interpretatus,
779 3910 902 3970 Gnosius
923 3910 1035 3968 subdit:
1069 3910 1243 3986 „Ghssuint
1263 3893 1423 3990 inst.1,7.

305 4025 334 4076 et
356 4022 460 4080 Seneo.
491 4016 574 4090 epist.
608 4015 698 4074 ΜΝ.
724 4017 837 4073 Graece
868 4007 1019 4094 qbonuita
1064 4013 1110 4071 Gt.
1140 4015 1318 4087 hermogen.
1343 4021 1424 4077 Pro·—

305 4137 406 4196 qymo.
428 4124 482 4184 IX.
517 4122 617 4179 'l'heou
639 4137 669 4193 p.
692 4119 743 4180 85.
777 4118 961 4190 Aphthonius
983 4135 1011 4190 p.
1038 4113 1127 4174 101.“
1178 4117 1262 4174 Adde
1284 4113 1423 4180 Marcel-

305 4227 393 4288 linum
416 4229 472 4304 vcl,
497 4227 522 4286 at
543 4226 628 4286 malis
650 4225 820 4298 Didymum,
851 4223 919 4281 Vita
941 4219 1073 4291 'lhueyd
1097 4235 1124 4292 p.
1149 4219 1221 4280 336.
1243 4223 1354 4295 Poppo.
