3054 5000
703 371 955 448 „flo-

340 567 526 644 senientiam]
552 571 733 628 Burmannus
758 568 898 640 umbaote
912 567 1083 626 Weioirerto
1106 567 1143 624 de
1165 567 1314 628 intelleotu
1339 583 1396 624 ar-

276 677 355 750 tium,
391 681 423 734 ut
445 677 577 748 picturae
599 680 655 732 oto.
678 674 802 746 euoluit,
832 671 945 730 soilioet
966 675 999 728 ut
1027 669 1226 745 intelligatur,
1249 686 1307 742 qua
1329 675 1395 728 arte

277 781 356 856 varia
378 780 466 853 signa
488 779 585 850 Priapi
608 794 660 850 per
692 778 806 836 domum
841 775 1046 848 hortulomque
1084 775 1224 846 disposita
1257 775 1394 836 tumeant.

276 884 357 951 Quod
386 901 405 940 a
426 881 483 940 looi
504 881 615 938 ratione
637 881 722 937 valde
744 880 867 937 alienum
890 879 957 936 milri
980 877 1092 951 quidem
1116 878 1240 940 videtur.

341 981 511 1058 assecutus]
535 963 823 1060 Farsaeaeuuotur.
1267 965 1273 984 ’
1348 1054 1352 1061 Ι

341 1086 442 1161 ouem]
466 1090 531 1147 Par.
553 1094 582 1145 et
606 1089 676 1146 llari
709 1104 775 1147 aum
798 1088 873 1146 Van.
897 1101 1008 1164 ouant,
1032 1093 1061 1143 et
1083 1085 1180 1144 statim
1202 1087 1266 1144 tris.

341 1190 494 1264 oauliouli]
526 1193 599 1248 Mas.
625 1196 655 1247 et
677 1187 752 1248 l'tdd.
783 1194 849 1246 Vet.
884 1193 1003 1250 calculi.
1037 1191 1210 1268 ollulth).
1242 1190 1293 1248 Sio
1316 1193 1395 1252 Ven.

277 1296 342 1352 Par.
374 1297 402 1351 et
432 1295 515 1356 llarl.
545 1295 681 1354 calenda.
714 1297 747 1355 B.
778 1295 923 1354 calculos.
955 1297 1000 1352 De
1029 1309 1063 1351 re
1091 1311 1117 1355 v.
1140 1292 1295 1350 Woioliert
1323 1295 1332 1350 l
1374 1295 1394 1351 l.

278 1399 360 1468 Quod
385 1414 461 1456 nuno
484 1412 520 1456 ex
545 1401 576 1456 Ρ.
600 1398 759 1470 repositum
790 1401 854 1476 est,
887 1398 942 1454 iam
965 1397 1068 1456 ltaerni
1091 1413 1212 1454 aeumen
1235 1403 1395 1470 repererat

341 1501 461 1578 selibra]
487 1504 550 1562 l’ar.
573 1504 658 1560 libra.
692 1502 772 1562 llari.
795 1509 826 1559 et
845 1503 933 1580 libra,
956 1506 1058 1573 aperta
1080 1501 1140 1558 vitii
1163 1501 1286 1574 origine.
1317 1502 1395 1562 Ven.

276 1614 306 1666 et
324 1608 442 1666 reddre.
478 1609 514 1666 V.
538 1606 753 1664 Waiolrertum.

241 1691 250 1718 '
340 1706 440 1781 farris]
467 1709 538 1766 Ven.
558 1706 739 1777 formaria·

341 1811 415 1885 una]
457 1815 639 1869 Burmannus
672 1813 757 1870 valde
795 1815 900 1886 probat
932 1813 1129 1872 oonieoturam
1163 1811 1290 1870 lleinsiir
1323 1813 1396 1870 uda.

277 1915 441 1974 Gronovius
464 1916 594 1972 volebat:
624 1919 699 1988 ipra
744 1918 833 1974 ERN.
858 1917 933 1990 Alii,
964 1917 1010 1973 vel
1033 1917 1130 1987 uotiua
1153 1914 1252 1988 iidem,
1282 1915 1396 1988 vulga-

277 2022 336 2076 tum
359 2018 431 2073 bene
454 2017 680 2090 interpretantur
702 2014 919 2100 ὑπερβολικῶς,
942 2022 978 2076 de
1000 2020 1107 2092 exiguo
1122 2024 1151 2076 et
1171 2018 1253 2075 nimis
1266 2023 1397 2091 augusto

277 2120 406 2196 tugurio.
431 2121 631 2178 wonulvs.
664 2123 800 2194 uuyetus
822 2127 892 2200 ima,
917 2128 1105 2196 oppugnante
1126 2121 1314 2194 Weionerto‚
1345 2122 1397 2192 qui

277 2240 364 2296 quum
388 2224 546 2295 hyperbole
568 2224 718 2282 admodum
741 2225 855 2299 frigere
876 2225 1017 2302 videatur,
1040 2226 1094 2284 sibi
1118 2227 1234 2297 plaeere
1257 2224 1297 2280 ait
1319 2227 1395 2302 uda,

277 2329 383 2386 eollato
404 2329 578 2397 Quintiliano
601 2330 654 2403 vl,
679 2333 706 2403 3,
730 2328 789 2386 64:
812 2346 883 2387 eunt
905 2331 1103 2388 ammonium
1124 2333 1191 2386 eiua
1208 2329 1394 2406 pernitiem.

341 2428 496 2505 summam]
531 2434 611 2490 llari,
641 2422 799 2492 sunnin.
838 2434 897 2492 ΡΒ.
926 2417 1044 2492 εαηιῖιπι
1052 2452 1066 2509 ‚-
1102 2433 1176 2490 idem
1211 2447 1278 2490 mox
1299 2421 1395 2489 numu

277 2549 329 2605 pro
352 2550 512 2594 summum.

343 2635 481 2712 nutriant]
505 2640 571 2694 Par.
595 2641 736 2698 mitriant.

342 2737 371 2795 5.
387 2735 503 2817 rursus]
522 2741 621 2816 Vulgo
636 2742 825 2814 praemittitur
841 2747 930 2822 mm,
948 2748 981 2802 ut
995 2743 1023 2802 in
1037 2744 1069 2804 B.
1087 2743 1180 2800 Abest
1198 2743 1282 2800 etiam
1295 2761 1313 2800 ι
1326 2745 1393 2803 Par.

279 2915 283 2924 .
343 2841 455 2917 omnes]
480 2845 555 2901 Veo.
578 2849 684 2904 muria.

342 2942 540 3022 quaestiones]
566 2949 631 3006 l’ar.
654 2951 836 3022 uacationes.

279 3107 283 3114 ,
342 3044 471 3124 difficile]
496 3049 621 3108 Dillioile
643 3053 809 3111 mentiosum
827 3053 961 3129 ¹videtur,
983 3070 1036 3126 pro
1059 3070 1116 3127 quo
1139 3053 1289 3128 sagaciter
1307 3055 1393 3110 ¹l'on-

278 3148 342 3222 pius
365 3151 401 3208 ad
423 3151 542 3208 Suidam
564 3155 599 3216 Τ.
613 3156 667 3212 lll.
691 3173 709 3227 p
739 3155 799 3212 174
823 3155 864 3230 (a.
881 3157 954 3218 435.
979 3157 1074 3232 liius.)
1099 3157 1228 3216 eorrexit
1249 3155 1392 3236 delicere,

279 3255 416 3324 probante
438 3256 610 3313 Ruhnkenio
633 3259 677 3334 ad·
691 3259 830 3317 Rutilium
853 3261 926 3332 lanu.
950 3277 978 3332 p.
1000 3261 1069 3319 132.
1096 3261 1289 3318 WOLFlUS.
1315 3263 1394 3317 Pro·

279 3355 382 3413 barunt
404 3359 489 3416 etiam
513 3361 702 3419 Weiohertus
732 3363 751 3420 Ι.
774 3363 794 3422 l.
818 3381 845 3436 p.
868 3363 934 3422 359
963 3370 993 3421 et
1021 3363 1183 3421 Franolrius
1214 3367 1315 3420 lixam.
1347 3377 1399 3425 or„

241 3519 243 3526 s
279 3459 314 3516 de
337 3461 482 3518 luvenalis
505 3464 565 3521 vita
586 3482 614 3536 p.
637 3466 689 3526 44.
734 3467 880 3540 dinastia,
903 3467 951 3524 oui
972 3451 1129 3542 adsentior,
1152 3465 1392 3538 simplicissimum

278 3563 391 3643 uidetur
414 3563 535 3634 difficile
556 3568 758 3625 adverbialiter
776 3569 920 3640 aestuare.
951 3569 1088 3627 Heinsius
1112 3569 1276 3628 oooieoerat
1294 3583 1393 3626 onum

161 3697 171 3716 υ
277 3669 348 3724 linio
370 3665 509 3742 difficit&
534 3671 715 3728 Burmannus
730 3681 834 3729 'unum
856 3671 977 3752 otdrffi:
999 3673 1104 3746 quibus
1120 3673 1286 3730 commentis
1300 3670 1392 3729 omnis

278 3772 417 3864 sermonis
441 3772 587 3846 elegantia
608 3773 691 3846 perit.

343 3873 458 3956 nomen]
493 3877 567 3966 meh.
596 3877 708 3935 Statius
729 3884 852 3938 nodum.
896 3881 938 3937 At
962 3880 1031 3938 nihil
1054 3863 1219 3952 elegantius
1241 3876 1391 3952 ambignit-

279 3977 339 4031 tate
361 3979 442 4036 voois
463 3997 589 4062 nornen,
613 3997 697 4054 quam
721 3983 844 4040 advertit
865 3977 946 4041 reete
967 3985 1106 4044 Woltlus.
1139 3984 1304 4053 Uauruatur
1326 3996 1390 4066 eor·

275 4083 379 4150 pedire
402 4083 510 4158 aliquid
537 4086 573 4143 de
596 4087 742 4144 solvendis
774 4087 907 4145 obscuris
935 4088 1140 4160 explieatuque
1162 4085 1338 4156 ditionibus,
1360 4093 1390 4140 v·

277 4181 421 4242 Sohwabe
442 4189 477 4244 ad
502 4191 623 4248 Phaedr.
647 4193 701 4266 Ill,
730 4190 834 4266 14:16
868 4189 1038 4252 Passovium
1060 4191 1096 4246 ad
1119 4189 1249 4252 Persium
1273 4206 1301 4260 p.
1317 4187 1388 4262 226,
