3038 5032
668 375 715 394 '-
770 357 941 411 xlv·-

246 525 289 594 oit
311 535 346 595 ut
375 543 474 611 quum
498 522 539 590 de
562 522 730 592 codicibus
763 524 836 592 eius
864 521 1029 590 nonnullis
1060 522 1111 590 bic
1129 521 1198 589 illic
1219 523 1360 589 servatis

248 639 425 713 constaret,
449 628 539 696 velut
561 628 602 694 de
625 625 800 712 Vaticanis,
823 628 845 692 ii
867 628 909 694 ab
928 627 1106 694 editoribus
1127 626 1179 693 vel
1196 625 1362 714 negligen-

247 743 297 801 ter
325 745 357 800 et
379 731 483 800 obiter
512 733 649 818 inspecti
678 732 732 798 vel
754 731 849 818 plane
878 732 1016 819 ignorati
1038 732 1112 798 sint.
1156 731 1207 797 Ac
1229 730 1362 798 Perizo-

248 838 387 920 nianum‚
409 836 518 923 legato
542 835 758 922 possessoris,
781 847 816 901 ut
839 836 937 902 relert
954 834 1109 902 Trossius
1131 857 1163 920 p.
1177 833 1224 917 V,
1248 834 1362 901 biblio·

248 939 362 1008 tbecae
374 939 524 1006 Leidenei
542 939 665 1006 illatum
674 938 727 1024 ⁶),
751 959 824 1006 cum
840 940 862 1005 l.
881 939 1048 1006 Gronovio
1066 940 1227 1026 ignoravit
1249 938 1362 1006 Franc.

249 1041 519 1128 Oudendorpius,
542 1044 575 1108 in
596 1043 658 1110 bac
679 1040 858 1110 litterarum
878 1043 958 1109 sede
976 1045 1171 1110 constitutus
1186 1043 1279 1128 quasi
1293 1044 1363 1110 eius

249 1148 379 1236 generis
409 1147 634 1214 thesaurorum
663 1158 794 1232 custos,
825 1168 907 1234 quas
937 1167 974 1214 oa
1011 1148 1205 1214 bibliotheca
1237 1149 1363 1215 edendo

173 1247 183 1258 ’
250 1249 407 1322 Suetonio
437 1251 550 1337 copias
582 1259 750 1336 servaret,
781 1254 970 1339 ceteroquin
1000 1252 1138 1318 sollicita
1160 1253 1365 1356 [conquirens

251 1367 348 1442 etque
369 1360 402 1422 tn
423 1374 517 1423 usum
537 1375 632 1428 suum
650 1368 856 1424 convertens.
891 1355 942 1422 Ac
958 1357 1036 1422 mira
1057 1357 1120 1426 iam
1142 1367 1216 1424 ante
1235 1357 1365 1424 Ouden-

252 1460 399 1546 dorplunr
421 1459 645 1546 exemplorum
664 1460 723 1526 fuit
747 1471 802 1526 aut
821 1479 896 1527 asse
918 1460 1091 1545 putabatur
1113 1461 1232 1546 inopia,
1255 1471 1366 1546 quain,

254 1576 290 1632 ut
313 1585 412 1650 supra
434 1565 602 1646 vidimus,
632 1577 834 1650 conquestus
861 1565 923 1631 iam
946 1574 1017 1630 erat
1037 1574 1071 1630 et
1093 1564 1256 1650 explicere
1277 1565 1367 1630 inati-

253 1678 358 1735 tuerat
381 1665 603 1736 Oasaubonus.
638 1665 688 1733 De
710 1669 750 1734 iis
773 1681 878 1736 tamen
900 1669 990 1734 libris
1013 1677 1045 1734 et
1076 1669 1117 1734 da
1139 1667 1212 1734 aliis
1235 1667 1368 1754 quibua·

253 1769 326 1836 dnm
361 1769 535 1854 subsidiis,
569 1770 685 1857 quibus
708 1769 902 1838 casaubono
933 1775 979 1840 uti
1009 1771 1118 1857 licuit,
1155 1772 1240 1838 sicut
1271 1771 1368 1838 etiam

255 1873 296 1939 de
320 1874 439 1940 ceteris
469 1873 655 1960 codicibus,
690 1895 774 1960 quos
805 1875 948 1942 editores
971 1876 1165 1944 casaubono
1188 1877 1368 1942 anteriores

255 1986 461 2062 usurparunt,
484 1977 560 2064 quid
584 1976 789 2047 statuendum
809 1981 861 2064 sit,
884 1979 915 2046 id
938 1991 1089 2067 quantum
1106 1979 1280 2046 hodienum
1302 1980 1370 2044 lieri
1404 1979 1409 1984 ’

255 2093 374 2168 potest,
407 2081 673 2150 commodissima
703 2103 744 2150 ex
768 2086 971 2150 enarratione
994 2086 1174 2170 copiarum,
1199 2105 1282 2171 quae
1304 2082 1370 2148 Ou·
1404 2169 1405 2174 ἵ

256 2185 434 2273 dendorpio
457 2185 498 2254 od
521 2205 633 2254 manus
655 2188 796 2270 luerunt,
819 2199 1045 2274 cognoscetur.

295 2439 298 2448 ,
578 2343 732 2414 subsidia
764 2324 1050 2434 Oudendormt‘ono.
1177 2421 1180 2432 Ι

324 2461 417 2528 Nova
441 2462 570 2550 quidem
587 2463 819 2550 Oudendorpio
842 2476 973 2551 praesto
997 2465 1125 2531 luerunt
1149 2485 1190 2530 cx
1204 2464 1372 2532 codicibus

260 2565 422 2632 subsidia:
447 2585 530 2650 quae
552 2577 657 2631 tamen
681 2587 719 2632 ea
743 2568 879 2652 luerint,
904 2567 1068 2635 difficilius
1091 2589 1176 2635 nunc
1199 2580 1249 2636 est
1272 2570 1371 2654 dictu,

260 2691 357 2758 quum
382 2689 487 2758 neque
518 2671 670 2738 universe
692 2672 732 2736 de
755 2672 794 2736 iis
818 2673 1007 2758 disputarit,
1041 2679 1146 2759 nequa
1176 2675 1229 2740 ubi
1260 2695 1372 2741 eorum

261 2775 399 2863 singulis
430 2777 511 2843 locis
543 2778 663 2842 mentio
694 2777 745 2861 lit,
777 2777 939 2864 diligentia
971 2798 1026 2862 ea,
1058 2799 1120 2865 qua
1157 2800 1242 2846 nuno
1275 2798 1374 2867 agere

260 2881 423 2965 solemus,
453 2901 512 2946 eos
535 2879 763 2967 designaverit.
807 2879 843 2945 ln
865 2880 1071 2947 Praefatione
1099 2885 1183 2948 enirn
1208 2883 1262 2949 ubi
1286 2873 1375 2950 codi-

261 3004 335 3049 cum
358 3003 528 3050 recensum
548 2983 687 3069 exhibet,
711 2983 892 3052 libellorum
913 2985 953 3049 de
976 3006 1110 3073 gramm.
1133 2998 1167 3052 et
1188 2988 1269 3055 rbet.
1292 2989 1375 3052 ratio

262 3107 327 3154 non
343 3087 491 3174 babetur,
516 3099 550 3153 ut
569 3107 652 3177 quae
675 3087 922 3156 ibiadnotontur
939 3088 979 3153 ad
994 3086 1084 3154 Vitas
1109 3090 1202 3154 unice
1225 3099 1376 3176 spectare

262 3190 441 3257 videantur.
486 3188 585 3278 igitur
615 3211 655 3258 ex
679 3191 880 3278 singulorum
912 3202 1084 3258 contextus
1108 3191 1254 3259 locorum
1277 3193 1377 3259 adno-

262 3293 384 3358 tatione
411 3293 556 3360 subeidia
593 3296 646 3362 illa
680 3317 763 3383 quae
787 3295 905 3360 suerint
928 3293 1136 3376 discendum,
1173 3315 1273 3380 caepe
1297 3293 1376 3360 divi·

263 3394 412 3462 nandum.
458 3397 554 3480 Quod
584 3401 744 3464 extricare
774 3398 852 3464 mibi
873 3397 979 3480 licuit,
1016 3398 1145 3483 paucis‘
1165 3398 1377 3484 comprehen-

263 3500 347 3565 dam.
392 3499 589 3568 Nominatim
611 3498 865 3588 Oudendorpius
887 3501 949 3568 boe
971 3499 1081 3567 laudat
1103 3499 1214 3568 libros.

317 3737 345 3810 ‘J
373 3737 540 3796 decoratius
568 3737 683 3795 Caelius
700 3738 719 3795 l.
739 3739 776 3794 l.=
812 3738 926 3806 „linitus
952 3747 995 3796 oet
1019 3756 1085 3796 aere
1110 3739 1288 3797 Perieouiauo
1307 3756 1378 3796 anno

371 3835 438 3894 tutu
465 3833 597 3885 incertum
632 3827 737 3896 unde“,
766 3827 839 3882 uude
867 3835 957 3900 patet,
990 3828 1113 3884 codicem
1139 3829 1167 3883 in
1199 3829 1258 3900 ipsi
1285 3826 1377 3898 stupel-

370 3920 457 3976 lectiii
485 3918 616 3976 litteraria
640 3933 655 3972 a
682 3915 824 3970 Periaouio
849 3914 1033 3970 bibliothecae
1061 3913 1188 3970 Leidensi
1209 3916 1298 3988 legata
1324 3929 1379 3968 non

372 4007 469 4076 luisse,
489 4005 539 4064 sed
557 4003 649 4060 multis
668 4005 746 4059 anuis
766 4010 827 4075 post
846 4019 880 4058 ex
900 4002 1003 4074 ingenti
1020 4001 1068 4056 illo
1086 4018 1163 4064 aare,
1191 4001 1263 4074 quod
1281 3999 1378 4055 biblio·

368 4091 465 4150 decue
498 4092 629 4150 Leidensi
658 4087 819 4144 Perizonius
849 4089 914 4144 latio
940 4087 1086 4144 defunctus
1113 4105 1138 4142 a.
1167 4089 1233 4142 tutu
1265 4086 1381 4157 legarat,

258 4232 264 4250 ,
333 4217 350 4248 .,
372 4189 493 4256 emptum
511 4197 583 4240 ausc.
620 4176 663 4238 Ol.
682 4175 772 4235 tieem
791 4173 882 4240 Praei.
