3054 5000
573 387 840 464 ...69-

140 591 261 646 mna
276 591 410 659 Maponi
419 584 431 643 i
452 589 542 644 oraim
556 600 721 658 oopnonren
736 601 800 644 meo
814 603 885 646 enm
898 589 1006 646 troaai
1023 591 1130 650 muita
1144 607 1258 666 mm.

139 697 223 752 mine
238 693 437 750 consenescit.
453 693 500 748 tir.
524 707 577 762 pro
600 689 689 750 Arob.
711 691 760 764 12,
772 692 829 747 24:
851 698 954 752 noster
972 695 1020 752 bic
1042 697 1186 774 Mamas,
1206 699 1261 771 pai

140 817 211 859 oum
225 800 351 870 foriano
371 800 507 854 rtrtartem
526 797 713 869 adaequavit.
737 794 783 854 Gt.
801 797 909 854 Fronto
932 815 961 870 p.
985 799 1058 859 204.
1074 799 1158 857 Bou.
1173 800 1264 858 Adde

140 904 217 978 quod
233 902 336 958 eadem
350 900 485 972 loquendi
496 900 608 961 ratione
620 903 718 956 noster
732 914 821 969 supra
833 915 858 960 o.
876 901 915 958 10
929 901 1016 958 dixit:
1032 903 1132 976 capio
1144 901 1258 960 Ainus.

204 1003 341 1078 Pompei]
364 1007 409 1060 lta
432 1005 514 1066 Harl.
536 1009 566 1060 et
589 1005 654 1062 Par.
671 1005 704 1059 P.'
726 1002 868 1076 Ponureia.
885 1006 960 1066 Ven.
976 1006 1080 1081 Pomp.
1103 1023 1156 1079 per
1175 1021 1259 1066 unua·

138 1111 288 1186 pendium,
312 1107 464 1166 utstatim
488 1109 535 1167 lib.
597 1097 599 1102 ’
1132 1133 1136 1142 ·

207 1207 319 1286 paene]
341 1211 425 1273 Harl.
447 1212 507 1271 PR.
528 1213 559 1266 et
581 1212 647 1267 Par.
671 1225 736 1266 auro
760 1212 836 1270 Van.
857 1228 955 1291 pene,
980 1217 1133 1288 utsupra
1158 1218 1197 1276 V.
1220 1217 1258 1276 ad

137 1321 204 1382 Cio.
227 1319 267 1374 de
289 1331 349 1387 rep.
372 1317 411 1389 li,
434 1315 485 1374 20.
508 1331 534 1386 p.
560 1313 632 1374 19³.

206 1414 434 1495 expeditionum]
456 1420 523 1475 Par.
547 1420 800 1492 eopedtottooom.

206 1519 319 1600 eomes]
342 1525 374 1582 B.
399 1528 429 1580 et
448 1535 557 1580 cornea.

205 1619 346 1706 utusque]
371 1629 405 1684 Β.
427 1626 565 1702 aliisque.

206 1728 321 1809 maora]
347 1732 407 1791 ru.
430 1707 521 1790 sion.

205 1831 348 1918 Telluris]
372 1837 474 1910 Vulgo
503 1832 618 1893 additur
640 1839 757 1915 aedem,
787 1840 820 1894 ut
842 1835 873 1898 B.
896 1836 999 1894 Delevi
1022 1852 1086 1894 uuna
1110 1839 1199 1898 Voss.
1223 1841 1256 1898 P.

137 1943 221 2000 itari.
242 1945 271 1998 et
293 1944 377 2014 Pau,
405 1940 593 2012 probantibus
622 1939 650 1995 iu
674 1939 749 1998 uotis
772 1940 900 2016 Heinsio,
929 1940 1061 2001 Oudend.
1085 1946 1114 1998 et
1138 1941 1257 2001 Woldo.

136 2045 270 2118 Pompeii
302 2044 403 2102 doruus
425 2044 453 2101 in
477 2043 591 2100 Carinis
615 2050 854 2106 commemoratur
875 2046 904 2102 ia
928 2045 979 2104 (tr.
1003 2045 1039 2102 de
1061 2045 1181 2119 baruap.
1194 2061 1257 2104 re-

136 2166 239 2223 spons.
264 2148 315 2223 23,
338 2149 389 2206 49.
412 2149 501 2205 Plura
524 2163 570 2220 ap.
594 2148 726 2210 Oudeud.

204 2249 329 2330 exstitit]
352 2256 384 2314 P.
408 2254 512 2311 sedni.

201 2354 386 2436 Sallustium]
409 2360 476 2414 i’ar.
500 2361 529 2412 et
550 2358 627 2414 Ven.
651 2357 825 2416 Somnum
975 2412 976 2418 ,

202 2458 298 2539 probi]
330 2461 403 2526 Pitb,
434 2464 468 2521 B.
497 2460 576 2521 itari.
601 2466 630 2518 et
660 2464 725 2521 Par.
755 2475 821 2516 euro
852 2460 925 2518 Ven.
958 2463 986 2516 et
1011 2461 1092 2533 vulg.
1118 2461 1254 2535 improbi.

136 2565 284 2625 Woiiius,¹
313 2567 460 2642 „Gronou
488 2564 548 2638 legi
573 2566 643 2622 ¹vult
671 2565 776 2638 prodi..
801 2565 911 2632 Plaoet.
941 2561 1030 2625 burt.
1061 2567 1101 2624 itt
1130 2563 1256 2639 turegi

136 2675 286 2728 testentur
319 2669 348 2726 in
368 2669 453 2727 nodd.
476 2669 631 2728 nonnuliis.
665 2667 789 2740 Optime.
823 2667 873 2725 Sio
902 2685 936 2726 os
958 2669 1128 2743 modestum,
1161 2685 1249 2726 rere-

137 2773 275 2849 oundum,
297 2773 359 2831 viro
382 2772 527 2830 tribuerat
541 2773 699 2856 Sallustius
724 2789 788 2830 earn
811 2772 969 2847 plerisque,
992 2771 1115 2828 animum
1135 2770 1253 2830 iuvere-

138 2879 277 2937 oundum.
311 2879 395 2939 cont.
426 2881 531 2938 Seueo.
559 2878 653 2950 Epist.
681 2876 749 2936 11.“
784 2881 831 2936 iix
858 2893 917 2935 uuo
940 2876 1003 2937 oud.
1025 2879 1109 2934 affert
1131 2877 1253 2952 Statius,

138 2997 218 3039 auno
240 2982 453 3053 suppeditatum
474 2985 539 3041 aP.
568 2978 609 3040 ι’.
633 2981 763 3040 Oudend.
788 2984 818 3038 et
838 2980 952 3038 Sobotti
975 2981 1045 3042 dos.
1067 2979 1145 3038 bum.
1164 2979 1252 3056 1‚18.

205 3084 417 3159 invereonudo]
443 3087 473 3142 Β,
496 3089 680 3162 verecundo,
703 3089 793 3160 rente,
818 3101 904 3158 quum
928 3087 1056 3160 improbi
1077 3084 1254 3158 scripsisset.

204 3187 390 3263 scripsisset]
414 3191 448 3248 B.
471 3195 502 3245 et
524 3190 597 3254 Pitb.
621 3191 862 3268 andaoripaiaoet,
881 3191 1035 3262 probante
1057 3188 1188 3264 Subotis.

204 3289 319 3371 satura]
334 3294 379 3349 ltu
395 3295 463 3352 Har.
477 3296 506 3348 et
517 3294 597 3354 Hori.
613 3294 716 3365 Vulgo
727 3296 834 3371 satiro,
847 3297 880 3349 ut
893 3294 926 3350 B.
937 3295 969 3349 P.
983 3299 1094 3369 sapiu.
1111 3293 1147 3361 V,
1156 3307 1255 3366 supra.

204 3393 379 3474 lastaurum]
404 3398 687 3456 Parmenonem.
722 3397 804 3454 Harl.
827 3399 1025 3454 banatortmon.

205 3497 450 3584 pupinoueruque]
476 3503 550 3563 Ven.
574 3503 861 3582 Pomptinumque,
885 3506 915 3559 et
935 3519 1003 3561 mox
1021 3510 1254 3563 monstruosum.

205 3605 399 3682 Catonisque]
431 3611 496 3672 Par.
520 3609 709 3684 coloniaque.
754 3607 849 3666 Huius
877 3607 941 3666 ood.
964 3607 992 3666 in
1015 3607 1147 3683 margine
1168 3606 1256 3664 rubro

139 3712 240 3784 suive
262 3711 459 3784 adscriptum,
710 3751 716 3756 -

454 3817 656 3885 Quintair‘anna
679 3817 708 3874 ii.
737 3817 782 3876 V0.

450 3922 492 3978 ddi
510 3920 742 3994 verberarique·
763 3921 838 3978 mult

448 4025 553 4096 furate
576 4023 696 4081 Catonis

454 4131 557 4202 Ornpe
577 4130 750 4199 inportune
768 4131 861 4188 tondi

556 4234 696 4292 butor-tae
