3038 5032
510 378 798 469 2-19-

106 567 300 669 opprobrio
321 566 524 666 legentibus
550 593 649 665 quam
675 568 812 669 gloriae
835 575 872 643 et
899 567 1026 642 fructui
1045 591 1130 644 esse
1147 571 1224 647 otri-⁸
1362 613 1367 623 ·

107 687 359 781 ruudverteret,
373 687 603 768 ,ιιιιιιιοιιιιιιιιι
629 694 663 764 ιιι
686 694 867 791 proposito
886 691 1027 762 mansit:
1054 688 1227 786 mutisque

108 809 325 911 exemplaria
347 809 528 886 uorrtreote
549 811 799 887 emendarem
820 811 1036 908 distinguere
1057 817 1093 885 et
1113 821 1226 886 auno*

108 940 189 1006 tere
216 933 365 1024 curavit,
393 931 460 1006 suti
488 931 568 1006 huin
596 932 749 1018 nonulli
777 939 963 1033 praetereo
984 936 1229 1030 grumrnstioos

109 1056 201 1154 parti
222 1049 372 1152 deditus.
411 1054 475 1126 Hie
498 1077 566 1130 non
597 1052 883 1152 tunr'disoipulos
910 1077 1008 1150 quum
1032 1062 1229 1132 sectatores
1250 1052 1281 1117 3·
1420 1079 1425 1086 ·

110 1174 248 1272 ntiquot
275 1172 401 1250 hebuit
435 1177 628 1273 'Numquam
656 1177 745 1250 enim
772 1178 819 1248 ito
846 1173 984 1267 docuit,
1011 1179 1231 1274 utmagistri

109 1318 300 1396 personam
322 1299 520 1372 sustineret.
560 1299 670 1372 Unum
695 1305 731 1372 et
753 1296 910 1389 alterum,
936 1297 998 1373 vet
1021 1321 1100 1374 cum
1120 1290 1283 1397 pluri-'4

111 1445 201 1510 mos,
237 1429 311 1496 tres
337 1429 398 1492 aut
432 1429 579 1517 quatuor
609 1417 889 1520 postmeridianis
926 1419 1022 1494 horis
1047 1418 1232 1496 admittere

111 1539 267 1630 solebat,
295 1539 498 1637 rubensque
526 1545 615 1615 inter
642 1539 770 1635 longos
795 1561 839 1612 ao
864 1538 1034 1643 vulgpres
1049 1545 1231 1616 sermones
1306 1565 1309 1570 ’

112 1663 244 1760 legere
263 1661 442 1760 quaedem,
464 1663 568 1760 idque
589 1685 744 1762 perraro.
784 1663 889 1736 Nimis
908 1685 1022 1764 puuou
1040 1670 1076 1737 et
1101 1668 1232 1760 exiguo
1253 1677 1284 1743 5.

112 1782 159 1857 de
198 1782 400 1880 quibusdam
435 1786 570 1858 minutis
602 1782 876 1880 quaestiunculis
910 1783 1029 1860 edidit.
1081 1783 1234 1881 Reliquit

112 1916 231 2009 putem
259 1929 328 1980 non
356 1903 565 2000 mediocrem
593 1905 717 1982 silvam
746 1903 1030 1985 observationum
1063 1909 1234 1983 sermonis

112 2031 258 2125 antiqui.
335 2085 339 2092 .
1218 2035 1222 2043 '

585 2247 771 2254 ——-.<--..

220 2455 224 2462 ·
319 2380 327 2528 Ῐ
437 2429 504 2524 ιι
544 2431 943 2528 terrueruut.

42 2711 46 2718 ,
193 2639 220 2717 l.
247 2634 440 2712 Rhetorica
461 2639 719 2740 quoquempud
741 2661 806 2717 nus
822 2638 969 2742 perinde
994 2648 1099 2739 atque
1119 2665 1237 2741 grum·
1262 2658 1291 2726 ι,

115 2766 245 2836 matius
267 2757 341 2833 tere
363 2766 508 2859 recepta
527 2768 595 2851 est,
615 2762 757 2862 paululo
779 2766 882 2838 etiem
903 2761 1089 2856 difficilius,
1110 2767 1238 2866 quippe
1284 2777 1288 2795 ‘

116 2908 220 2982 quam
249 2889 391 2956 constet
417 2903 667 2979 nonnumquam
694 2886 796 2957 etiam
825 2883 1030 2984 prohibitum
1064 2889 1238 2960 exerceri.

118 2992 226 3094 Quod
255 3025 301 3076 ne
327 3005 383 3076 oui
405 2998 552 3074 ,dubium
581 3006 644 3097 sit,
681 3013 789 3079 vetus
820 3007 900 3083 item
928 3007 1131 3086 Censorium
1159 3005 1240 3096 edi·

118 3135 214 3201 utom
229 3123 417 3196 subiieium.
458 3122 519 3214 „Q
537 3118 667 3198 Fannio
691 3125 874 3219 Strabone,
897 3127 942 3201 Μ.
969 3125 1115 3214 raterio
1141 3127 1238 3202 Mes·
1261 3139 1292 3205 2.

119 3245 211 3322 salta
237 3247 341 3320 Cous.
374 3243 420 3318 Μ.
446 3245 655 3348 Pomponius
690 3255 832 3347 praetor
861 3251 1021 3322 'senatum
1055 3249 1240 3324 consuluit.

121 3366 223 3458 Quod
262 3365 372 3442 rerba
397 3364 492 3440 fauts
517 3372 598 3439 sunt
630 3365 677 3440 de
709 3365 930 3469 philosophis
962 3376 999 3444 et
1032 3370 1241 3465 rhetoribus,

121 3489 167 3564 de
202 3512 248 3566 ea
281 3511 321 3564 re
356 3491 404 3560 itu
437 3496 673 3564 censuerunt:
714 3491 759 3565 Ut
784 3487 828 3563 Μ.
855 3494 1075 3595 Pomponius
1098 3499 1265 3597 praetor.

122 3609 420 3686 animadverteret
437 3621 657 3708 curaremus,
671 3615 701 3686 si
716 3615 749 3687 ei
767 3635 789 3687 e
807 3614 999 3716 republica
1022 3617 1163 3716 fideque
1178 3641 1242 3691 rua

122 3732 317 3824 videretur,
345 3735 393 3806 uti
416 3734 547 3807 Romae
569 3754 613 3808 ne
634 3743 789 3809 essent.“
825 3733 882 3810 De
901 3737 1033 3812 eisdem
1056 3741 1294 3822 interiecto&

123 3863 283 3956 tempore
309 3855 370 3931 On
392 3857 561 3930 Domitius
584 3854 825 3950 Aenobarbus,
854 3858 890 3932 L.
905 3855 1056 3933 Licinius
1082 3860 1241 3954 Crassus,
1298 3929 1299 3934 ,

125 3977 317 4070 Censores,
343 3961 391 4050 itu
409 3973 616 4052 edixerunt:
657 3979 922 4070 „Renuntiatum
948 3986 1001 4054 est
1025 3979 1136 4074 nobis,
1159 4005 1244 4060 esso

126 4095 299 4189 homines,
326 4101 384 4195 qui
412 4120 547 4174 novum
566 4120 681 4197 genus
707 4097 911 4199 disciptinae
937 4102 1169 4197 instituerunt,
1198 4103 1245 4180 ud

125 4242 216 4316 quos
241 4223 407 4296 iuventus
435 4222 469 4296 in
495 4219 612 4295 ludum
648 4223 879 4297 eorrveniort:
915 4243 981 4296 eos
1017 4222 1083 4297 ιιιιι
1118 4246 1244 4302 numen
1338 4245 1342 4250 ·

1001 4344 1037 4394 2.
