3038 5032
732 401 978 477 ...18-

204 577 208 591 ’
299 596 390 670 iuter
407 597 653 694 gratrrmaticos
669 597 797 671 tenuitr
818 583 1018 691 quamquam
1032 591 1165 666 infamis
1181 593 1338 668 omnibns
1353 597 1409 670 vi-

298 721 365 810 tiis,
385 707 568 818 palamque
588 725 624 789 et
640 714 779 790 liberio
803 723 838 788 et
860 736 941 787 mox
958 712 1104 789 Claudio
1118 713 1411 813 praedicantibus,
1504 719 1505 808 Ϊ

298 840 421 914 nemini
436 839 546 909 mium
569 835 812 910 institutionem
832 857 1016 934 puerorum
1034 833 1096 909 vel
1121 839 1282 910 iuvenum
1310 859 1411 911 corn·

245 980 274 1044 o,
296 956 503 1034 mittendam.
538 952 609 1032 Sed
637 954 797 1055 capiebat
824 955 979 1030 homines
1006 958 1411 1050 commemorarem,
1504 1025 1505 1060 ,

297 1089 364 1156 tum
378 1075 545 1152 facilitate
565 1079 746 1150 sermonis.
772 1078 937 1151 Necnon
962 1080 1062 1152 etiam
1087 1077 1415 1178 poematalaciebat
1504 1109 1505 1186 j

156 1197 161 1204 ’
243 1211 274 1276 3.
296 1227 343 1278 ex
368 1207 534 1301 tempore.
575 1197 724 1298 Scripsit
745 1221 832 1274 vero
855 1201 970 1273 variis·
985 1221 1050 1274 nee
1065 1198 1268 1298 vulgaribus
1280 1204 1411 1276 metris.

213 1389 217 1404 ,
294 1323 503 1420 Arrogantia
531 1319 730 1410 illitterata,
759 1330 795 1393 nt
822 1320 867 1392 Μ.
893 1316 1083 1396 Varronem
1111 1343 1254 1421 porcum
1282 1319 1411 1422 appel·
1504 1423 1505 1426 Ἴ

191 1537 197 1554 Ι
294 1445 402 1520 laret:
436 1465 556 1519 secum
592 1451 628 1518 et
663 1450 769 1516 tratas
800 1450 836 1516 et
872 1445 1052 1518 morituras
1089 1442 1207 1516 literas
1244 1442 1412 1518 iactaret:
1504 1483 1505 1492 κ

295 1587 419 1644 nomen
455 1590 552 1640 sunm
587 1568 620 1636 in
654 1562 830 1640 Bucolicis
868 1587 935 1639 non
972 1572 1105 1648 temere
1138 1566 1307 1663 positum,
1346 1565 1413 1640 sed
1504 1569 1505 1656 l

294 1693 528 1788 praesagante
549 1685 717 1784 Vergilio,
739 1683 818 1761 iore
840 1685 1048 1784 quandoque
1066 1689 1211 1759 omnimo
1229 1695 1412 1788 poetarum

240 1824 269 1886 4.
294 1830 338 1882 ac
364 1816 559 1907 poematum
585 1804 826 1882 Palaemonem
854 1806 1024 1882 iudicem,
1065 1806 1283 1882 Gloriabatur
1308 1812 1412 1885 etiam
1504 1825 1505 1888 ῑ

294 1929 449 2004 latrones
484 1925 655 2025 qnondam
692 1927 754 2002 sibi
798 1936 943 2029 propter
984 1929 1128 2004 nominis
1172 1926 1413 2006 celebritatem
1504 1989 1505 2032 ,

241 2069 270 2135 5,
292 2052 508 2153 pepercisse.
560 2050 734 2124 Luxuriae
772 2052 818 2122 ita
848 2047 1006 2140 indulsit,
1042 2059 1079 2122 nt
1111 2052 1253 2149 saepius
1276 2047 1318 2124 'in
1352 2051 1413 2127 dio

293 2172 430 2248 lavaret
457 2193 524 2246 nec
551 2169 732 2244 sufficeret
758 2170 959 2272 snnqrtibus,
987 2191 1187 2268 quamquam
1214 2195 1261 2247 ex
1285 2171 1414 2248 schola
1504 2219 1505 2232 κ

293 2295 555 2394 qnandringena
581 2311 696 2367 arrnna
720 2300 881 2394 caperet,
909 2315 952 2366 ac
981 2317 1050 2368 non
1077 2292 1184 2367 molto
1217 2295 1327 2367 nrinns
1362 2317 1412 2369 ex
1504 2309 1505 2314 ’

293 2440 332 2490 re
353 2405 646 2506 tumultant‘cutus
668 2414 954 2512 diligentissimos
976 2420 1068 2490 erat:
1096 2437 1172 2489 cum
1193 2424 1229 2490 et
1248 2413 1412 2505 officinas

292 2535 555 2636 proruercalium
578 2539 725 2610 vestium
746 2543 934 2611 exerceret
956 2546 991 2611 et
1016 2560 1124 2634 agros
1145 2536 1237 2611 adeo
1259 2535 1410 2628 coleret,

293 2665 330 2729 nt
355 2659 461 2730 vitem
489 2679 590 2728 mann
624 2658 700 2730 eius
727 2657 912 2728 institutam
947 2661 1038 2731 satis
1073 2643 1214 2734 doristet
1249 2667 1411 2736 trecenta

240 2795 270 2860 6,
292 2781 479 2875 sexaginta
510 2802 599 2851 nvas
634 2774 800 2851 edidisse.
841 2777 914 2852 Sed
949 2782 1096 2854 inanime
1127 2780 1297 2877 flagrabat
1326 2780 1409 2855 libi-

292 2897 429 2973 dinibus
444 2903 476 2971 in
494 2898 668 3000 mulieres,
682 2897 853 2996 usquead
867 2897 1034 2972 infamiam
1049 2893 1139 2976 oris:
1158 2901 1254 2976 dicto
1268 2925 1411 3001 qnoque

142 3107 147 3114 ι
293 3043 362 3092 non
377 3018 530 3094 infaceto
546 3029 698 3095 notatum
722 3019 837 3094 ferunt
859 3020 1047 3112 cniusdam,
1075 3027 1130 3120 qni
1154 3045 1231 3098 crim
1252 3027 1285 3096 in
1307 3022 1410 3098 turba

253 3201 256 3206 .
291 3138 448 3216 osculum
476 3139 538 3214 sibi
556 3123 784 3238 ingerentem,
812 3164 1010 3238 quamquam
1032 3143 1221 3242 refugiens,
1245 3142 1410 3220 devitare

290 3283 359 3335 nnn
387 3269 534 3362 possets
562 3265 641 3355 „vis
668 3270 722 3355 tn,
750 3265 873 3360 inquit,
902 3267 1086 3362 magister,
1114 3268 1276 3364 quotiens
1302 3263 1409 3340 iesti-

290 3391 426 3455 nantem
453 3383 600 3480 aliquem
628 3383 749 3475 vides,
776 3384 966 3482 abligurire
979 3384 1021 3458 qn

241 3543 266 3608 q·
353 3491 718 3583 'XXlV.Marcns
753 3507 1003 3594 Valerius
1036 3511 1249 3605 Probus,
1290 3515 1408 3614 Bery-

52 3709 55 3718 Δ
154 3727 162 3735 ι
290 3628 375 3719 tius,
403 3625 461 3702 din
488 3633 715 3704 cetttrmiatnm
742 3633 858 3730 petiit,
880 3628 997 3705 donec
1024 3630 1140 3706 taedio
1167 3632 1212 3706 ad
1232 3631 1346 3707 studia
1366 3657 1410 3709 se

290 3746 445 3822 corrtnlit.
487 3747 638 3848 Legerat
660 3749 904 3852 inprovirtcia
931 3750 1097 3849 quosdam
1125 3763 1271 3829 veteres
1298 3752 1409 3828 libel·

289 3868 345 3944 los
371 3868 462 3972 apud
489 3876 765 3969 grmumatistam,
804 3871 953 3948 durante
978 3857 1094 3949 adnm
1120 3875 1163 3948 ibi
1191 3879 1409 3974 antiquorum

245 4025 273 4088 λ
292 3993 469 4078 memoria,
497 3989 644 4066 necdum
673 3996 810 4068 onrrtino
837 3994 980 4085 abolita,
1016 3999 1106 4069 sicrrt
1140 3997 1282 4071 Romae.
1333 3997 1410 4072 llos

292 4130 369 4183 cum
397 4109 599 4210 diligentins
633 4119 812 4213 repeteret
843 4124 956 4213 atque
973 4115 1072 4190 alios
1104 4116 1278 4218 deinceps
1313 4125 1408 4216 co'g·

291 4249 444 4307 noscere
471 4243 628 4336 cuperet,
656 4240 813 4334 quamvis
845 4255 967 4311 omines
1000 4242 1190 4330 contemni,
1226 4241 1409 4338 magisque
