<?xml version="1.0" encoding="UTF-8"?>
<!DOCTYPE html PUBLIC "-//W3C//DTD XHTML 1.0 Transitional//EN"
    "http://www.w3.org/TR/xhtml1/DTD/xhtml1-transitional.dtd">
<html xmlns="http://www.w3.org/1999/xhtml" xml:lang="en" lang="en">
 <head>
  <title>
</title>
<meta http-equiv="Content-Type" content="text/html;charset=utf-8" />
  <meta name='ocr-system' content='tesseract 3.04.00' />
  <meta name='ocr-capabilities' content='ocr_page ocr_carea ocr_par ocr_line ocrx_word'/>
</head>
<body>
  <div class='ocr_page' id='page_1' title='image "./csuetoniitranqu03suetgoog_0038.png"; bbox 0 0 3038 5032; ppageno 0'>
   <div class='ocr_carea' id='block_1_1' title="bbox 544 343 838 437">
    <p class='ocr_par' dir='ltr' id='par_1_1' title="bbox 544 343 838 437">
     <span class='ocr_line' id='line_1_1' title="bbox 544 343 838 437; baseline 0 -23"><span class='ocrx_word' id='word_1_1' title='bbox 544 343 838 437; x_wconf 59' lang='lat' dir='ltr'><strong>-mf-</strong></span> 
     </span>
    </p>
   </div>
   <div class='ocr_carea' id='block_1_2' title="bbox 117 547 1242 1050">
    <p class='ocr_par' dir='ltr' id='par_1_2' title="bbox 117 547 1242 1050">
     <span class='ocr_line' id='line_1_2' title="bbox 119 547 1242 642; baseline 0.005 -29"><span class='ocrx_word' id='word_1_2' title='bbox 119 549 253 620; x_wconf 72' lang='lat' dir='ltr'><strong>librarii·</strong></span> <span class='ocrx_word' id='word_1_3' title='bbox 268 569 374 622; x_wconf 71' lang='lat' dir='ltr'><strong>‚manu</strong></span> <span class='ocrx_word' id='word_1_4' title='bbox 398 547 509 612; x_wconf 89' lang='lat' dir='ltr'><strong>baberi</strong></span> <span class='ocrx_word' id='word_1_5' title='bbox 531 548 637 615; x_wconf 86' lang='lat' dir='ltr'><strong>debet.</strong></span> <span class='ocrx_word' id='word_1_6' title='bbox 682 549 717 619; x_wconf 90' lang='lat' dir='ltr'><strong>lu</strong></span> <span class='ocrx_word' id='word_1_7' title='bbox 740 553 859 618; x_wconf 88' lang='lat' dir='ltr'><strong>ceteris</strong></span> <span class='ocrx_word' id='word_1_8' title='bbox 888 572 969 619; x_wconf 75' lang='lat' dir='ltr'><strong>vero</strong></span> <span class='ocrx_word' id='word_1_9' title='bbox 991 549 1146 642; x_wconf 81' lang='lat' dir='ltr'><strong>subsidiis</strong></span> <span class='ocrx_word' id='word_1_10' title='bbox 1168 559 1242 619; x_wconf 81' lang='lat' dir='ltr'><strong>ante</strong></span> 
     </span>
     <span class='ocr_line' id='line_1_3' title="bbox 120 639 1241 741; baseline 0 -21"><span class='ocrx_word' id='word_1_11' title='bbox 120 676 177 720; x_wconf 90' lang='lat' dir='ltr'><strong>me</strong></span> <span class='ocrx_word' id='word_1_12' title='bbox 200 655 240 719; x_wconf 89' lang='lat' dir='ltr'><strong>ab</strong></span> <span class='ocrx_word' id='word_1_13' title='bbox 264 653 336 723; x_wconf 86' lang='lat' dir='ltr'><strong>aliis</strong></span> <span class='ocrx_word' id='word_1_14' title='bbox 359 651 513 722; x_wconf 66' lang='lat' dir='ltr'><strong>adhibitis,</strong></span> <span class='ocrx_word' id='word_1_15' title='bbox 530 653 615 718; x_wconf 88' lang='lat' dir='ltr'><strong>banc</strong></span> <span class='ocrx_word' id='word_1_16' title='bbox 636 655 722 725; x_wconf 68' lang='lat' dir='ltr'><strong>maru</strong></span> <span class='ocrx_word' id='word_1_17' title='bbox 745 656 941 741; x_wconf 86' lang='lat' dir='ltr'><strong>sequendam</strong></span> <span class='ocrx_word' id='word_1_18' title='bbox 961 639 1082 740; x_wconf 76' lang='lat' dir='ltr'><strong>putavi,</strong></span> <span class='ocrx_word' id='word_1_19' title='bbox 1106 667 1141 719; x_wconf 89' lang='lat' dir='ltr'><strong>ut</strong></span> <span class='ocrx_word' id='word_1_20' title='bbox 1159 675 1241 740; x_wconf 86' lang='lat' dir='ltr'><strong>quas</strong></span> 
     </span>
     <span class='ocr_line' id='line_1_4' title="bbox 119 757 1241 843; baseline -0.002 -19"><span class='ocrx_word' id='word_1_21' title='bbox 119 762 264 842; x_wconf 80' lang='lat' dir='ltr'>sparsim</span> <span class='ocrx_word' id='word_1_22' title='bbox 287 758 468 841; x_wconf 78' lang='lat' dir='ltr'><strong>raptimque</strong></span> <span class='ocrx_word' id='word_1_23' title='bbox 489 766 637 821; x_wconf 76' lang='lat' dir='ltr'><strong>enotatas</strong></span> <span class='ocrx_word' id='word_1_24' title='bbox 661 758 855 842; x_wconf 83' lang='lat' dir='ltr'><strong>reperissem</strong></span> <span class='ocrx_word' id='word_1_25' title='bbox 871 757 1039 842; x_wconf 86' lang='lat' dir='ltr'><strong>lectiones,</strong></span> <span class='ocrx_word' id='word_1_26' title='bbox 1064 778 1160 843; x_wconf 89' lang='lat' dir='ltr'><strong>quum</strong></span> <span class='ocrx_word' id='word_1_27' title='bbox 1186 777 1241 822; x_wconf 92' lang='lat' dir='ltr'><strong>cu·</strong></span> 
     </span>
     <span class='ocr_line' id='line_1_5' title="bbox 119 861 1239 947; baseline -0.001 -21"><span class='ocrx_word' id='word_1_28' title='bbox 119 864 241 947; x_wconf 87' lang='lat' dir='ltr'><strong>iusque</strong></span> <span class='ocrx_word' id='word_1_29' title='bbox 255 861 327 924; x_wconf 87' lang='lat' dir='ltr'><strong>libri</strong></span> <span class='ocrx_word' id='word_1_30' title='bbox 344 861 503 945; x_wconf 80' lang='lat' dir='ltr'><strong>integram</strong></span> <span class='ocrx_word' id='word_1_31' title='bbox 521 862 714 944; x_wconf 73' lang='lat' dir='ltr'><strong>scripturam</strong></span> <span class='ocrx_word' id='word_1_32' title='bbox 731 862 858 924; x_wconf 90' lang='lat' dir='ltr'><strong>minime</strong></span> <span class='ocrx_word' id='word_1_33' title='bbox 871 871 1162 946; x_wconf 81' lang='lat' dir='ltr'><strong>repraesentarent,</strong></span> <span class='ocrx_word' id='word_1_34' title='bbox 1179 861 1239 925; x_wconf 86' lang='lat' dir='ltr'><strong>has</strong></span> 
     </span>
     <span class='ocr_line' id='line_1_6' title="bbox 117 959 1239 1050; baseline -0.002 -20"><span class='ocrx_word' id='word_1_35' title='bbox 117 985 185 1030; x_wconf 90' lang='lat' dir='ltr'><strong>suo</strong></span> <span class='ocrx_word' id='word_1_36' title='bbox 209 983 341 1050; x_wconf 92' lang='lat' dir='ltr'><strong>quoque</strong></span> <span class='ocrx_word' id='word_1_37' title='bbox 364 959 438 1026; x_wconf 91' lang='lat' dir='ltr'><strong>loco</strong></span> <span class='ocrx_word' id='word_1_38' title='bbox 469 962 689 1032; x_wconf 82' lang='lat' dir='ltr'><strong>adscriberem</strong></span> <span class='ocrx_word' id='word_1_39' title='bbox 713 964 827 1029; x_wconf 88' lang='lat' dir='ltr'><strong>iisdem</strong></span> <span class='ocrx_word' id='word_1_40' title='bbox 859 963 1016 1031; x_wconf 89' lang='lat' dir='ltr'><strong>librorum</strong></span> <span class='ocrx_word' id='word_1_41' title='bbox 1043 963 1239 1045; x_wconf 82' lang='lat' dir='ltr'><strong>nominibus,</strong></span> 
     </span>
    </p>
   </div>
   <div class='ocr_carea' id='block_1_3' title="bbox 12 1065 1240 1153">
    <p class='ocr_par' dir='ltr' id='par_1_3' title="bbox 12 1065 1240 1153">
     <span class='ocr_line' id='line_1_7' title="bbox 12 1065 1240 1153; baseline -0.007 -16"><span class='ocrx_word' id='word_1_42' title='bbox 12 1071 14 1112; x_wconf 75' lang='lat'>²</span> <span class='ocrx_word' id='word_1_43' title='bbox 117 1069 241 1153; x_wconf 89' lang='lat' dir='ltr'><strong>quibus</strong></span> <span class='ocrx_word' id='word_1_44' title='bbox 264 1067 367 1131; x_wconf 86' lang='lat' dir='ltr'><strong>abiis</strong></span> <span class='ocrx_word' id='word_1_45' title='bbox 391 1067 446 1150; x_wconf 92' lang='lat' dir='ltr'><strong>qui</strong></span> <span class='ocrx_word' id='word_1_46' title='bbox 468 1065 681 1132; x_wconf 85' lang='lat' dir='ltr'><strong>adhibuerunt</strong></span> <span class='ocrx_word' id='word_1_47' title='bbox 705 1066 886 1152; x_wconf 90' lang='lat' dir='ltr'><strong>appellatos</strong></span> <span class='ocrx_word' id='word_1_48' title='bbox 907 1067 1069 1132; x_wconf 87' lang='lat' dir='ltr'><strong>viderem:</strong></span> <span class='ocrx_word' id='word_1_49' title='bbox 1092 1087 1154 1152; x_wconf 87' lang='lat' dir='ltr'><strong>que</strong></span> <span class='ocrx_word' id='word_1_50' title='bbox 1169 1065 1240 1150; x_wconf 89' lang='lat' dir='ltr'><strong>qui-</strong></span> 
     </span>
    </p>
   </div>
   <div class='ocr_carea' id='block_1_4' title="bbox 110 1171 1243 1980">
    <p class='ocr_par' dir='ltr' id='par_1_4' title="bbox 110 1171 1243 1980">
     <span class='ocr_line' id='line_1_8' title="bbox 116 1171 1238 1257; baseline 0 -21"><span class='ocrx_word' id='word_1_51' title='bbox 116 1171 194 1238; x_wconf 84' lang='lat' dir='ltr'><strong>dem</strong></span> <span class='ocrx_word' id='word_1_52' title='bbox 228 1174 353 1236; x_wconf 90' lang='lat' dir='ltr'><strong>ratione</strong></span> <span class='ocrx_word' id='word_1_53' title='bbox 374 1171 493 1244; x_wconf 80' lang='lat' dir='ltr'><strong>laetum</strong></span> <span class='ocrx_word' id='word_1_54' title='bbox 520 1181 588 1250; x_wconf 90' lang='lat' dir='ltr'><strong>est,</strong></span> <span class='ocrx_word' id='word_1_55' title='bbox 623 1173 710 1256; x_wconf 87' lang='lat' dir='ltr'><strong>quo&#39;d</strong></span> <span class='ocrx_word' id='word_1_56' title='bbox 736 1173 849 1236; x_wconf 88' lang='lat' dir='ltr'><strong>evitari</strong></span> <span class='ocrx_word' id='word_1_57' title='bbox 881 1192 986 1257; x_wconf 90' lang='lat' dir='ltr'><strong>neque</strong></span> <span class='ocrx_word' id='word_1_58' title='bbox 1004 1181 1150 1255; x_wconf 85' lang='lat' dir='ltr'><strong>poterat</strong></span> <span class='ocrx_word' id='word_1_59' title='bbox 1183 1191 1238 1236; x_wconf 89' lang='lat' dir='ltr'><strong>ne·</strong></span> 
     </span>
     <span class='ocr_line' id='line_1_9' title="bbox 115 1273 1237 1361; baseline -0.001 -21"><span class='ocrx_word' id='word_1_60' title='bbox 115 1295 184 1361; x_wconf 88' lang='lat' dir='ltr'><strong>que</strong></span> <span class='ocrx_word' id='word_1_61' title='bbox 207 1277 240 1340; x_wconf 93' lang='lat' dir='ltr'><strong>in</strong></span> <span class='ocrx_word' id='word_1_62' title='bbox 270 1296 306 1339; x_wconf 87' lang='lat' dir='ltr'><strong>re</strong></span> <span class='ocrx_word' id='word_1_63' title='bbox 337 1273 484 1338; x_wconf 88' lang='lat' dir='ltr'><strong>omnibus</strong></span> <span class='ocrx_word' id='word_1_64' title='bbox 507 1274 654 1357; x_wconf 83' lang='lat' dir='ltr'><strong>partibus</strong></span> <span class='ocrx_word' id='word_1_65' title='bbox 676 1274 924 1360; x_wconf 87' lang='lat' dir='ltr'><strong>haudquaquam</strong></span> <span class='ocrx_word' id='word_1_66' title='bbox 947 1285 1035 1340; x_wconf 88' lang='lat' dir='ltr'><strong>certa</strong></span> <span class='ocrx_word' id='word_1_67' title='bbox 1066 1274 1237 1359; x_wconf 84' lang='lat' dir='ltr'><strong>debbebat,</strong></span> 
     </span>
     <span class='ocr_line' id='line_1_10' title="bbox 113 1361 1243 1466; baseline -0.001 -23"><span class='ocrx_word' id='word_1_68' title='bbox 113 1391 153 1444; x_wconf 92' lang='lat' dir='ltr'><strong>ut</strong></span> <span class='ocrx_word' id='word_1_69' title='bbox 173 1381 229 1466; x_wconf 92' lang='lat' dir='ltr'><strong>qui</strong></span> <span class='ocrx_word' id='word_1_70' title='bbox 251 1379 346 1442; x_wconf 89' lang='lat' dir='ltr'><strong>iidem</strong></span> <span class='ocrx_word' id='word_1_71' title='bbox 370 1387 478 1441; x_wconf 84' lang='lat' dir='ltr'><strong>nostra</strong></span> <span class='ocrx_word' id='word_1_72' title='bbox 502 1376 549 1450; x_wconf 65' lang='lat' dir='ltr'><strong>de,</strong></span> <span class='ocrx_word' id='word_1_73' title='bbox 565 1379 722 1441; x_wconf 88' lang='lat' dir='ltr'><strong>sententia</strong></span> <span class='ocrx_word' id='word_1_74' title='bbox 746 1389 821 1444; x_wconf 92' lang='lat' dir='ltr'><strong>sunt</strong></span> <span class='ocrx_word' id='word_1_75' title='bbox 843 1377 986 1458; x_wconf 75' lang='lat' dir='ltr'><strong>collese,</strong></span> <span class='ocrx_word' id='word_1_76' title='bbox 1011 1377 1149 1442; x_wconf 84' lang='lat' dir='ltr'><strong>diversis</strong></span> <span class='ocrx_word' id='word_1_77' title='bbox 1169 1361 1243 1444; x_wconf 53' lang='lat' dir='ltr'><strong>ten-⁸</strong></span> 
     </span>
     <span class='ocr_line' id='line_1_11' title="bbox 112 1479 1236 1564; baseline -0.001 -19"><span class='ocrx_word' id='word_1_78' title='bbox 112 1495 185 1546; x_wconf 90' lang='lat' dir='ltr'><strong>tum</strong></span> <span class='ocrx_word' id='word_1_79' title='bbox 210 1480 393 1546; x_wconf 88' lang='lat' dir='ltr'><strong>nominibus</strong></span> <span class='ocrx_word' id='word_1_80' title='bbox 417 1479 564 1562; x_wconf 86' lang='lat' dir='ltr'><strong>discreti,</strong></span> <span class='ocrx_word' id='word_1_81' title='bbox 587 1483 674 1552; x_wconf 80' lang='lat' dir='ltr'><strong>iuxta</strong></span> <span class='ocrx_word' id='word_1_82' title='bbox 699 1497 936 1564; x_wconf 82' lang='lat' dir='ltr'><strong>nonnumquam</strong></span> <span class='ocrx_word' id='word_1_83' title='bbox 961 1479 1048 1542; x_wconf 87' lang='lat' dir='ltr'><strong>allati</strong></span> <span class='ocrx_word' id='word_1_84' title='bbox 1071 1480 1144 1548; x_wconf 88' lang='lat' dir='ltr'><strong>sint.</strong></span> <span class='ocrx_word' id='word_1_85' title='bbox 1175 1479 1236 1544; x_wconf 85' lang='lat' dir='ltr'><strong>Ce-</strong></span> 
     </span>
     <span class='ocr_line' id='line_1_12' title="bbox 111 1580 1234 1656; baseline -0.001 -8"><span class='ocrx_word' id='word_1_86' title='bbox 111 1595 223 1649; x_wconf 82' lang='lat' dir='ltr'><strong>terum</strong></span> <span class='ocrx_word' id='word_1_87' title='bbox 254 1585 293 1648; x_wconf 83' lang='lat' dir='ltr'><strong>ab</strong></span> <span class='ocrx_word' id='word_1_88' title='bbox 325 1583 537 1656; x_wconf 79' lang='lat' dir='ltr'><strong>illustratione</strong></span> <span class='ocrx_word' id='word_1_89' title='bbox 565 1605 710 1648; x_wconf 89' lang='lat' dir='ltr'><strong>reruma</strong></span> <span class='ocrx_word' id='word_1_90' title='bbox 741 1580 900 1646; x_wconf 89' lang='lat' dir='ltr'><strong>Suetonio</strong></span> <span class='ocrx_word' id='word_1_91' title='bbox 923 1583 1113 1652; x_wconf 84' lang='lat' dir='ltr'><strong>traditarum</strong></span> <span class='ocrx_word' id='word_1_92' title='bbox 1135 1581 1234 1647; x_wconf 81' lang='lat' dir='ltr'><strong>absti-</strong></span> 
     </span>
     <span class='ocr_line' id='line_1_13' title="bbox 111 1685 1234 1770; baseline -0.001 -17"><span class='ocrx_word' id='word_1_93' title='bbox 111 1688 259 1757; x_wconf 86' lang='lat' dir='ltr'><strong>nendum</strong></span> <span class='ocrx_word' id='word_1_94' title='bbox 287 1687 383 1769; x_wconf 86' lang='lat' dir='ltr'><strong>duxi,</strong></span> <span class='ocrx_word' id='word_1_95' title='bbox 414 1705 453 1749; x_wconf 89' lang='lat' dir='ltr'><strong>ne</strong></span> <span class='ocrx_word' id='word_1_96' title='bbox 475 1685 704 1770; x_wconf 83' lang='lat' dir='ltr'><strong>prolixioribus</strong></span> <span class='ocrx_word' id='word_1_97' title='bbox 735 1697 921 1753; x_wconf 84' lang='lat' dir='ltr'><strong>contextum</strong></span> <span class='ocrx_word' id='word_1_98' title='bbox 950 1707 1116 1754; x_wconf 88' lang='lat' dir='ltr'><strong>onerarem</strong></span> <span class='ocrx_word' id='word_1_99' title='bbox 1147 1708 1234 1756; x_wconf 87' lang='lat' dir='ltr'><strong>corn·</strong></span> 
     </span>
     <span class='ocr_line' id='line_1_14' title="bbox 110 1789 1109 1876; baseline 0 -19"><span class='ocrx_word' id='word_1_100' title='bbox 110 1791 296 1873; x_wconf 86' lang='lat' dir='ltr'><strong>mentariis,</strong></span> <span class='ocrx_word' id='word_1_101' title='bbox 320 1791 470 1855; x_wconf 84' lang='lat' dir='ltr'><strong>continua</strong></span> <span class='ocrx_word' id='word_1_102' title='bbox 494 1793 641 1854; x_wconf 86' lang='lat' dir='ltr'><strong>oratioue</strong></span> <span class='ocrx_word' id='word_1_103' title='bbox 663 1789 738 1862; x_wconf 87' lang='lat' dir='ltr'><strong>alibi</strong></span> <span class='ocrx_word' id='word_1_104' title='bbox 763 1791 876 1855; x_wconf 90' lang='lat' dir='ltr'><strong>melius</strong></span> <span class='ocrx_word' id='word_1_105' title='bbox 899 1791 1109 1876; x_wconf 72' lang='lat' dir='ltr'><strong>explicandis,</strong></span> 
     </span>
     <span class='ocr_line' id='line_1_15' title="bbox 181 1891 1233 1980; baseline 0.004 -22"><span class='ocrx_word' id='word_1_106' title='bbox 181 1893 292 1958; x_wconf 84' lang='lat' dir='ltr'><strong>Restat</strong></span> <span class='ocrx_word' id='word_1_107' title='bbox 324 1903 357 1956; x_wconf 91' lang='lat' dir='ltr'><strong>ut</strong></span> <span class='ocrx_word' id='word_1_108' title='bbox 390 1892 430 1960; x_wconf 88' lang='lat' dir='ltr'><strong>de</strong></span> <span class='ocrx_word' id='word_1_109' title='bbox 453 1891 671 1977; x_wconf 77' lang='lat' dir='ltr'><strong>inscriptione</strong></span> <span class='ocrx_word' id='word_1_110' title='bbox 704 1891 884 1959; x_wconf 89' lang='lat' dir='ltr'><strong>libellorum</strong></span> <span class='ocrx_word' id='word_1_111' title='bbox 916 1894 1063 1958; x_wconf 86' lang='lat' dir='ltr'><strong>Suetonii</strong></span> <span class='ocrx_word' id='word_1_112' title='bbox 1097 1894 1233 1980; x_wconf 85' lang='lat' dir='ltr'><strong>dicetur,</strong></span> 
     </span>
    </p>
   </div>
   <div class='ocr_carea' id='block_1_5' title="bbox 110 1991 1354 2094">
    <p class='ocr_par' dir='ltr' id='par_1_5' title="bbox 110 1991 1354 2094">
     <span class='ocr_line' id='line_1_16' title="bbox 110 1991 1354 2094; baseline 0.002 -31"><span class='ocrx_word' id='word_1_113' title='bbox 110 2018 198 2086; x_wconf 91' lang='lat' dir='ltr'><strong>quos</strong></span> <span class='ocrx_word' id='word_1_114' title='bbox 223 2019 319 2084; x_wconf 90' lang='lat' dir='ltr'><strong>quum</strong></span> <span class='ocrx_word' id='word_1_115' title='bbox 344 1999 407 2067; x_wconf 86' lang='lat' dir='ltr'><strong>iam</strong></span> <span class='ocrx_word' id='word_1_116' title='bbox 431 2007 557 2062; x_wconf 87' lang='lat' dir='ltr'><strong>constet</strong></span> <span class='ocrx_word' id='word_1_117' title='bbox 572 1991 746 2080; x_wconf 80' lang='lat' dir='ltr'><strong>&#39;amplioris</strong></span> <span class='ocrx_word' id='word_1_118' title='bbox 774 1998 883 2081; x_wconf 88' lang='lat' dir='ltr'><strong>operis</strong></span> <span class='ocrx_word' id='word_1_119' title='bbox 914 2007 1022 2082; x_wconf 87' lang='lat' dir='ltr'><strong>partes</strong></span> <span class='ocrx_word' id='word_1_120' title='bbox 1044 1998 1146 2066; x_wconf 84' lang='lat' dir='ltr'><strong>luisse</strong></span> <span class='ocrx_word' id='word_1_121' title='bbox 1168 1998 1233 2065; x_wconf 90' lang='lat' dir='ltr'><strong>dis·</strong></span> <span class='ocrx_word' id='word_1_122' title='bbox 1346 2087 1354 2094; x_wconf 95' lang='lat'><em>.</em></span> 
     </span>
    </p>
   </div>
   <div class='ocr_carea' id='block_1_6' title="bbox 110 2100 1233 3329">
    <p class='ocr_par' dir='ltr' id='par_1_6' title="bbox 110 2100 1233 3329">
     <span class='ocr_line' id='line_1_17' title="bbox 110 2100 1233 2188; baseline 0.002 -23"><span class='ocrx_word' id='word_1_123' title='bbox 110 2101 337 2178; x_wconf 75' lang='lat' dir='ltr'><strong>iunctas‚‘‚nil</strong></span> <span class='ocrx_word' id='word_1_124' title='bbox 360 2101 474 2165; x_wconf 88' lang='lat' dir='ltr'><strong>mirum</strong></span> <span class='ocrx_word' id='word_1_125' title='bbox 489 2101 644 2186; x_wconf 86' lang='lat' dir='ltr'><strong>··simplici</strong></span> <span class='ocrx_word' id='word_1_126' title='bbox 668 2100 709 2164; x_wconf 91' lang='lat' dir='ltr'><strong>ab</strong></span> <span class='ocrx_word' id='word_1_127' title='bbox 733 2100 804 2165; x_wconf 90' lang='lat' dir='ltr'><strong>sola</strong></span> <span class='ocrx_word' id='word_1_128' title='bbox 827 2103 1009 2188; x_wconf 84' lang='lat' dir='ltr'><strong>argumenti</strong></span> <span class='ocrx_word' id='word_1_129' title='bbox 1030 2103 1153 2168; x_wconf 85' lang='lat' dir='ltr'><strong>ratione</strong></span> <span class='ocrx_word' id='word_1_130' title='bbox 1177 2123 1233 2188; x_wconf 90' lang='lat' dir='ltr'><strong>pe·</strong></span> 
     </span>
     <span class='ocr_line' id='line_1_18' title="bbox 112 2203 1232 2292; baseline 0.003 -24"><span class='ocrx_word' id='word_1_131' title='bbox 112 2203 302 2278; x_wconf 82' lang='lat' dir='ltr'><strong>titotitulo</strong></span> <span class='ocrx_word' id='word_1_132' title='bbox 336 2223 394 2268; x_wconf 88' lang='lat' dir='ltr'><strong>eos</strong></span> <span class='ocrx_word' id='word_1_133' title='bbox 426 2204 597 2288; x_wconf 81' lang='lat' dir='ltr'><strong>insignitos</strong></span> <span class='ocrx_word' id='word_1_134' title='bbox 627 2223 720 2286; x_wconf 88' lang='lat' dir='ltr'><strong>esse,</strong></span> <span class='ocrx_word' id='word_1_135' title='bbox 757 2207 800 2268; x_wconf 85' lang='lat' dir='ltr'><strong>ita</strong></span> <span class='ocrx_word' id='word_1_136' title='bbox 831 2215 867 2268; x_wconf 93' lang='lat' dir='ltr'><strong>ut</strong></span> <span class='ocrx_word' id='word_1_137' title='bbox 895 2203 935 2268; x_wconf 84' lang='lat' dir='ltr'><strong>de</strong></span> <span class='ocrx_word' id='word_1_138' title='bbox 954 2208 1178 2292; x_wconf 79' lang='lat' dir='ltr'><strong>qrammaticis</strong></span> <span class='ocrx_word' id='word_1_139' title='bbox 1200 2217 1232 2270; x_wconf 91' lang='lat' dir='ltr'><strong>et</strong></span> 
     </span>
     <span class='ocr_line' id='line_1_19' title="bbox 112 2305 1231 2392; baseline -0.002 -18"><span class='ocrx_word' id='word_1_140' title='bbox 112 2307 155 2374; x_wconf 86' lang='lat' dir='ltr'><strong>de</strong></span> <span class='ocrx_word' id='word_1_141' title='bbox 184 2307 367 2373; x_wconf 75' lang='lat' dir='ltr'><strong>rhetoribus</strong></span> <span class='ocrx_word' id='word_1_142' title='bbox 395 2307 641 2392; x_wconf 80' lang='lat' dir='ltr'><strong>appellarentur.</strong></span> <span class='ocrx_word' id='word_1_143' title='bbox 680 2307 791 2392; x_wconf 83' lang='lat' dir='ltr'><strong>Atque</strong></span> <span class='ocrx_word' id='word_1_144' title='bbox 813 2308 946 2372; x_wconf 89' lang='lat' dir='ltr'><strong>iterem</strong></span> <span class='ocrx_word' id='word_1_145' title='bbox 969 2307 1105 2391; x_wconf 86' lang='lat' dir='ltr'><strong>babere,</strong></span> <span class='ocrx_word' id='word_1_146' title='bbox 1136 2305 1231 2389; x_wconf 83' lang='lat' dir='ltr'><strong>tidem</strong></span> 
     </span>
     <span class='ocr_line' id='line_1_20' title="bbox 111 2409 1229 2498; baseline 0.002 -24"><span class='ocrx_word' id='word_1_147' title='bbox 111 2413 192 2476; x_wconf 85' lang='lat' dir='ltr'><strong>tacit</strong></span> <span class='ocrx_word' id='word_1_148' title='bbox 223 2413 293 2495; x_wconf 86' lang='lat' dir='ltr'><strong>ipsa</strong></span> <span class='ocrx_word' id='word_1_149' title='bbox 328 2411 475 2476; x_wconf 88' lang='lat' dir='ltr'><strong>codicum</strong></span> <span class='ocrx_word' id='word_1_150' title='bbox 506 2410 691 2480; x_wconf 84' lang='lat' dir='ltr'><strong>auctoritas.</strong></span> <span class='ocrx_word' id='word_1_151' title='bbox 728 2409 809 2476; x_wconf 91' lang='lat' dir='ltr'><strong>Nam</strong></span> <span class='ocrx_word' id='word_1_152' title='bbox 843 2411 916 2478; x_wconf 85' lang='lat' dir='ltr'><strong>ficta</strong></span> <span class='ocrx_word' id='word_1_153' title='bbox 950 2422 999 2476; x_wconf 89' lang='lat' dir='ltr'><strong>est</strong></span> <span class='ocrx_word' id='word_1_154' title='bbox 1023 2429 1107 2497; x_wconf 92' lang='lat' dir='ltr'><strong>quae</strong></span> <span class='ocrx_word' id='word_1_155' title='bbox 1129 2411 1229 2498; x_wconf 79' lang='lat' dir='ltr'><strong>vulgo</strong></span> 
     </span>
     <span class='ocr_line' id='line_1_21' title="bbox 111 2513 1229 2608; baseline 0.003 -29"><span class='ocrx_word' id='word_1_156' title='bbox 111 2515 219 2580; x_wconf 85' lang='lat' dir='ltr'><strong>fertur</strong></span> <span class='ocrx_word' id='word_1_157' title='bbox 242 2513 423 2608; x_wconf 81' lang='lat' dir='ltr'><strong>libellorum</strong></span> <span class='ocrx_word' id='word_1_158' title='bbox 446 2515 615 2598; x_wconf 85' lang='lat' dir='ltr'><strong>inscriptio</strong></span> <span class='ocrx_word' id='word_1_159' title='bbox 639 2514 678 2579; x_wconf 86' lang='lat' dir='ltr'><strong>de</strong></span> <span class='ocrx_word' id='word_1_160' title='bbox 700 2513 876 2588; x_wconf 73' lang='lat' dir='ltr'><strong>illustribus</strong></span> <span class='ocrx_word' id='word_1_161' title='bbox 893 2515 1118 2606; x_wconf 79' lang='lat' dir='ltr'><strong>qrammaticis</strong></span> <span class='ocrx_word' id='word_1_162' title='bbox 1141 2513 1229 2582; x_wconf 83' lang='lat' dir='ltr'><strong>etde</strong></span> 
     </span>
     <span class='ocr_line' id='line_1_22' title="bbox 110 2617 1228 2708; baseline 0.001 -24"><span class='ocrx_word' id='word_1_163' title='bbox 110 2619 215 2684; x_wconf 82' lang='lat' dir='ltr'><strong>claris</strong></span> <span class='ocrx_word' id='word_1_164' title='bbox 235 2617 428 2700; x_wconf 75' lang='lat' dir='ltr'><strong>rhetoribus,</strong></span> <span class='ocrx_word' id='word_1_165' title='bbox 458 2617 563 2708; x_wconf 86' lang='lat' dir='ltr'><strong>nullo,</strong></span> <span class='ocrx_word' id='word_1_166' title='bbox 595 2631 748 2703; x_wconf 87' lang='lat' dir='ltr'><strong>quantum</strong></span> <span class='ocrx_word' id='word_1_167' title='bbox 767 2621 879 2702; x_wconf 85' lang='lat' dir='ltr'><strong>sciam,</strong></span> <span class='ocrx_word' id='word_1_168' title='bbox 909 2619 992 2684; x_wconf 91' lang='lat' dir='ltr'><strong>libro</strong></span> <span class='ocrx_word' id='word_1_169' title='bbox 1015 2617 1065 2684; x_wconf 86' lang='lat' dir='ltr'><strong>ills</strong></span> <span class='ocrx_word' id='word_1_170' title='bbox 1089 2631 1228 2704; x_wconf 85' lang='lat' dir='ltr'><strong>reperta,</strong></span> 
     </span>
     <span class='ocr_line' id='line_1_23' title="bbox 110 2717 1228 2814; baseline 0.001 -29"><span class='ocrx_word' id='word_1_171' title='bbox 110 2723 176 2787; x_wconf 90' lang='lat' dir='ltr'><strong>nisi</strong></span> <span class='ocrx_word' id='word_1_172' title='bbox 200 2721 232 2786; x_wconf 93' lang='lat' dir='ltr'><strong>in</strong></span> <span class='ocrx_word' id='word_1_173' title='bbox 258 2717 298 2787; x_wconf 85' lang='lat' dir='ltr'><strong>B.</strong></span> <span class='ocrx_word' id='word_1_174' title='bbox 329 2741 395 2808; x_wconf 91' lang='lat' dir='ltr'><strong>quo</strong></span> <span class='ocrx_word' id='word_1_175' title='bbox 424 2721 507 2786; x_wconf 88' lang='lat' dir='ltr'><strong>alter</strong></span> <span class='ocrx_word' id='word_1_176' title='bbox 536 2722 617 2787; x_wconf 90' lang='lat' dir='ltr'><strong>liber</strong></span> <span class='ocrx_word' id='word_1_177' title='bbox 639 2723 824 2788; x_wconf 78' lang='lat' dir='ltr'><strong>inscribitur</strong></span> <span class='ocrx_word' id='word_1_178' title='bbox 853 2719 893 2788; x_wconf 76' lang='lat' dir='ltr'><strong>tle</strong></span> <span class='ocrx_word' id='word_1_179' title='bbox 921 2721 1041 2814; x_wconf 83' lang='lat' dir='ltr'><strong>illustr.</strong></span> <span class='ocrx_word' id='word_1_180' title='bbox 1070 2723 1228 2810; x_wconf 58' lang='lat' dir='ltr'><strong>pruticis,</strong></span> 
     </span>
     <span class='ocr_line' id='line_1_24' title="bbox 110 2811 1228 2920; baseline -0.001 -31"><span class='ocrx_word' id='word_1_181' title='bbox 110 2811 197 2890; x_wconf 86' lang='lat' dir='ltr'><strong>alter</strong></span> <span class='ocrx_word' id='word_1_182' title='bbox 227 2825 266 2890; x_wconf 83' lang='lat' dir='ltr'><strong>de</strong></span> <span class='ocrx_word' id='word_1_183' title='bbox 295 2823 484 2901; x_wconf 79' lang='lat' dir='ltr'><strong>rhetoribus,</strong></span> <span class='ocrx_word' id='word_1_184' title='bbox 519 2827 547 2889; x_wconf 86' lang='lat' dir='ltr'><strong>si</strong></span> <span class='ocrx_word' id='word_1_185' title='bbox 571 2826 666 2920; x_wconf 74' lang='lat' dir='ltr'><strong>murlo</strong></span> <span class='ocrx_word' id='word_1_186' title='bbox 689 2827 770 2891; x_wconf 87' lang='lat' dir='ltr'><strong>haec</strong></span> <span class='ocrx_word' id='word_1_187' title='bbox 793 2825 930 2892; x_wconf 86' lang='lat' dir='ltr'><strong>fideliter</strong></span> <span class='ocrx_word' id='word_1_188' title='bbox 952 2826 992 2889; x_wconf 90' lang='lat' dir='ltr'><strong>de</strong></span> <span class='ocrx_word' id='word_1_189' title='bbox 1015 2826 1129 2889; x_wconf 88' lang='lat' dir='ltr'><strong>codice</strong></span> <span class='ocrx_word' id='word_1_190' title='bbox 1151 2843 1228 2888; x_wconf 87' lang='lat' dir='ltr'><strong>cno-</strong></span> 
     </span>
     <span class='ocr_line' id='line_1_25' title="bbox 111 2917 1227 3022; baseline -0.001 -30"><span class='ocrx_word' id='word_1_191' title='bbox 111 2939 178 2994; x_wconf 86' lang='lat' dir='ltr'><strong>tata</strong></span> <span class='ocrx_word' id='word_1_192' title='bbox 204 2940 288 2994; x_wconf 90' lang='lat' dir='ltr'><strong>sunt.</strong></span> <span class='ocrx_word' id='word_1_193' title='bbox 322 2927 410 2992; x_wconf 88' lang='lat' dir='ltr'><strong>Harl.</strong></span> <span class='ocrx_word' id='word_1_194' title='bbox 435 2939 466 2992; x_wconf 88' lang='lat' dir='ltr'><strong>et</strong></span> <span class='ocrx_word' id='word_1_195' title='bbox 488 2917 562 3022; x_wconf 56' lang='lat' dir='ltr'><strong>Parss</strong></span> <span class='ocrx_word' id='word_1_196' title='bbox 584 2925 730 2994; x_wconf 86' lang='lat' dir='ltr'><strong>Suetonii</strong></span> <span class='ocrx_word' id='word_1_197' title='bbox 751 2927 922 3016; x_wconf 80' lang='lat' dir='ltr'><strong>tranquilli</strong></span> <span class='ocrx_word' id='word_1_198' title='bbox 943 2928 983 2994; x_wconf 87' lang='lat' dir='ltr'><strong>tle&#39;</strong></span> <span class='ocrx_word' id='word_1_199' title='bbox 1001 2927 1227 3018; x_wconf 75' lang='lat' dir='ltr'><strong>qrammaticit</strong></span> 
     </span>
     <span class='ocr_line' id='line_1_26' title="bbox 111 3027 1226 3124; baseline 0.001 -29"><span class='ocrx_word' id='word_1_200' title='bbox 111 3037 144 3095; x_wconf 85' lang='lat' dir='ltr'><strong>et</strong></span> <span class='ocrx_word' id='word_1_201' title='bbox 166 3028 359 3094; x_wconf 69' lang='lat' dir='ltr'><strong>rhetoribus·</strong></span> <span class='ocrx_word' id='word_1_202' title='bbox 383 3027 464 3094; x_wconf 85' lang='lat' dir='ltr'><strong>Voci</strong></span> <span class='ocrx_word' id='word_1_203' title='bbox 486 3029 670 3097; x_wconf 78' lang='lat' dir='ltr'><strong>rhetoribus</strong></span> <span class='ocrx_word' id='word_1_204' title='bbox 692 3029 882 3124; x_wconf 61' lang='lat' dir='ltr'><strong>additXen.</strong></span> <span class='ocrx_word' id='word_1_205' title='bbox 906 3029 1100 3098; x_wconf 82' lang='lat' dir='ltr'><strong>clarissimis.</strong></span> <span class='ocrx_word' id='word_1_206' title='bbox 1125 3028 1226 3096; x_wconf 89' lang='lat' dir='ltr'><strong>Vatic.</strong></span> 
     </span>
     <span class='ocr_line' id='line_1_27' title="bbox 110 3129 1227 3222; baseline 0 -25"><span class='ocrx_word' id='word_1_207' title='bbox 110 3133 200 3201; x_wconf 82' lang='lat'>4498</span> <span class='ocrx_word' id='word_1_208' title='bbox 231 3133 280 3214; x_wconf 82' lang='lat' dir='ltr'><strong>(R</strong></span> <span class='ocrx_word' id='word_1_209' title='bbox 308 3131 521 3214; x_wconf 86' lang='lat' dir='ltr'><strong>Massmanni)</strong></span> <span class='ocrx_word' id='word_1_210' title='bbox 555 3135 590 3201; x_wconf 79' lang='grc' dir='ltr'><strong>Ο.</strong></span> <span class='ocrx_word' id='word_1_211' title='bbox 620 3135 770 3222; x_wconf 75' lang='lat' dir='ltr'><strong>Suetonii</strong></span> <span class='ocrx_word' id='word_1_212' title='bbox 802 3133 986 3222; x_wconf 84' lang='lat' dir='ltr'><strong>Tranquilli</strong></span> <span class='ocrx_word' id='word_1_213' title='bbox 1011 3133 1154 3201; x_wconf 81' lang='lat' dir='ltr'><strong>hr&#39;storici</strong></span> <span class='ocrx_word' id='word_1_214' title='bbox 1187 3129 1227 3198; x_wconf 84' lang='lat' dir='ltr'><strong>de</strong></span> 
     </span>
     <span class='ocr_line' id='line_1_28' title="bbox 113 3236 1226 3329; baseline -0.003 -24"><span class='ocrx_word' id='word_1_215' title='bbox 113 3237 315 3305; x_wconf 58' lang='lat' dir='ltr'><strong>&amp;emetiris</strong></span> <span class='ocrx_word' id='word_1_216' title='bbox 331 3236 545 3324; x_wconf 77' lang='lat' dir='ltr'><strong>prohemium,</strong></span> <span class='ocrx_word' id='word_1_217' title='bbox 569 3241 721 3307; x_wconf 89' lang='lat' dir='ltr'><strong>contiuuo</strong></span> <span class='ocrx_word' id='word_1_218' title='bbox 745 3252 902 3326; x_wconf 88' lang='lat' dir='ltr'><strong>sequente</strong></span> <span class='ocrx_word' id='word_1_219' title='bbox 925 3237 1226 3329; x_wconf 77' lang='lat' dir='ltr'><strong>ludioegremmati·</strong></span> 
     </span>
    </p>
   </div>
   <div class='ocr_carea' id='block_1_7' title="bbox 107 3331 1282 3945">
    <p class='ocr_par' dir='ltr' id='par_1_7' title="bbox 107 3331 1282 3945">
     <span class='ocr_line' id='line_1_29' title="bbox 112 3331 1226 3430; baseline 0.003 -23"><span class='ocrx_word' id='word_1_220' title='bbox 112 3363 237 3426; x_wconf 85' lang='lat' dir='ltr'><strong>corum,</strong></span> <span class='ocrx_word' id='word_1_221' title='bbox 263 3353 329 3406; x_wconf 91' lang='lat' dir='ltr'><strong>tum</strong></span> <span class='ocrx_word' id='word_1_222' title='bbox 353 3343 404 3407; x_wconf 85' lang='lat' dir='ltr'><strong>De</strong></span> <span class='ocrx_word' id='word_1_223' title='bbox 426 3343 603 3406; x_wconf 81' lang='lat' dir='ltr'><strong>inventione</strong></span> <span class='ocrx_word' id='word_1_224' title='bbox 622 3331 863 3430; x_wconf 75' lang='lat' dir='ltr'><strong>qrummbtices.</strong></span> <span class='ocrx_word' id='word_1_225' title='bbox 896 3341 1000 3412; x_wconf 86' lang='lat' dir='ltr'><strong>Vatio.</strong></span> <span class='ocrx_word' id='word_1_226' title='bbox 1025 3341 1123 3408; x_wconf 79' lang='lat'><strong>1862:</strong></span> <span class='ocrx_word' id='word_1_227' title='bbox 1147 3335 1226 3410; x_wconf 84' lang='lat' dir='ltr'><strong>Suc·</strong></span> 
     </span>
     <span class='ocr_line' id='line_1_30' title="bbox 111 3437 1223 3534; baseline 0.002 -24"><span class='ocrx_word' id='word_1_228' title='bbox 111 3448 219 3511; x_wconf 88' lang='lat' dir='ltr'><strong>tonius</strong></span> <span class='ocrx_word' id='word_1_229' title='bbox 247 3441 389 3532; x_wconf 74' lang='lat' dir='ltr'><strong>trhqllus</strong></span> <span class='ocrx_word' id='word_1_230' title='bbox 417 3447 468 3511; x_wconf 87' lang='lat' dir='ltr'><strong>De</strong></span> <span class='ocrx_word' id='word_1_231' title='bbox 487 3437 709 3534; x_wconf 78' lang='lat' dir='ltr'><strong>qrammatieis</strong></span> <span class='ocrx_word' id='word_1_232' title='bbox 731 3454 763 3512; x_wconf 89' lang='lat' dir='ltr'><strong>et</strong></span> <span class='ocrx_word' id='word_1_233' title='bbox 784 3443 987 3528; x_wconf 79' lang='lat' dir='ltr'><strong>rhetoribus;</strong></span> <span class='ocrx_word' id='word_1_234' title='bbox 1019 3447 1096 3511; x_wconf 89' lang='lat' dir='ltr'><strong>item</strong></span> <span class='ocrx_word' id='word_1_235' title='bbox 1117 3441 1223 3512; x_wconf 85' lang='lat' dir='ltr'><strong>Vatic.</strong></span> 
     </span>
     <span class='ocr_line' id='line_1_31' title="bbox 112 3540 1225 3636; baseline 0.006 -25"><span class='ocrx_word' id='word_1_236' title='bbox 112 3549 215 3631; x_wconf 81' lang='lat'><strong>1518,</strong></span> <span class='ocrx_word' id='word_1_237' title='bbox 247 3550 427 3632; x_wconf 88' lang='lat' dir='ltr'><strong>praemisso</strong></span> <span class='ocrx_word' id='word_1_238' title='bbox 456 3552 662 3633; x_wconf 85' lang='lat' dir='ltr'><strong>praenomine</strong></span> <span class='ocrx_word' id='word_1_239' title='bbox 686 3550 719 3617; x_wconf 79' lang='lat' dir='ltr'><strong>U.</strong></span> <span class='ocrx_word' id='word_1_240' title='bbox 744 3547 941 3616; x_wconf 78' lang='lat' dir='ltr'><strong>Venerianus</strong></span> <span class='ocrx_word' id='word_1_241' title='bbox 973 3550 1161 3636; x_wconf 89' lang='lat' dir='ltr'><strong>simpliciter</strong></span> <span class='ocrx_word' id='word_1_242' title='bbox 1185 3540 1225 3618; x_wconf 59' lang='grc' dir='ltr'><strong>ἀὲ</strong></span> 
     </span>
     <span class='ocr_line' id='line_1_32' title="bbox 107 3651 1223 3743; baseline 0.001 -25"><span class='ocrx_word' id='word_1_243' title='bbox 107 3655 344 3742; x_wconf 78' lang='lat' dir='ltr'><strong>qrammaticis,</strong></span> <span class='ocrx_word' id='word_1_244' title='bbox 367 3652 599 3738; x_wconf 85' lang='lat' dir='ltr'><strong>Neapolitanus</strong></span> <span class='ocrx_word' id='word_1_245' title='bbox 623 3655 658 3721; x_wconf 77' lang='grc' dir='ltr'><strong>Ο.</strong></span> <span class='ocrx_word' id='word_1_246' title='bbox 685 3654 834 3720; x_wconf 77' lang='lat' dir='ltr'><strong>Suetonii</strong></span> <span class='ocrx_word' id='word_1_247' title='bbox 856 3651 1042 3740; x_wconf 83' lang='lat' dir='ltr'><strong>Tranquilli</strong></span> <span class='ocrx_word' id='word_1_248' title='bbox 1063 3653 1103 3722; x_wconf 79' lang='lat' dir='ltr'><strong>tle</strong></span> <span class='ocrx_word' id='word_1_249' title='bbox 1113 3673 1223 3743; x_wconf 72' lang='lat' dir='ltr'><strong>qram-</strong></span> 
     </span>
     <span class='ocr_line' id='line_1_33' title="bbox 110 3753 1221 3848; baseline -0.004 -26"><span class='ocrx_word' id='word_1_250' title='bbox 110 3757 237 3822; x_wconf 81' lang='lat' dir='ltr'><strong>matieis</strong></span> <span class='ocrx_word' id='word_1_251' title='bbox 258 3762 291 3821; x_wconf 89' lang='lat' dir='ltr'><strong>et</strong></span> <span class='ocrx_word' id='word_1_252' title='bbox 310 3753 493 3820; x_wconf 84' lang='lat' dir='ltr'><strong>rhetoribus</strong></span> <span class='ocrx_word' id='word_1_253' title='bbox 521 3757 638 3842; x_wconf 64' lang='lat' dir='ltr'><strong>hrcqit.</strong></span> <span class='ocrx_word' id='word_1_254' title='bbox 676 3754 836 3844; x_wconf 85' lang='lat' dir='ltr'><strong>Vulgatac</strong></span> <span class='ocrx_word' id='word_1_255' title='bbox 866 3757 1084 3848; x_wconf 75' lang='lat' dir='ltr'><strong>inscriptionis</strong></span> <span class='ocrx_word' id='word_1_256' title='bbox 1107 3775 1221 3821; x_wconf 89' lang='lat' dir='ltr'><strong>vocem</strong></span> 
     </span>
     <span class='ocr_line' id='line_1_34' title="bbox 110 3857 1282 3945; baseline 0 -21"><span class='ocrx_word' id='word_1_257' title='bbox 110 3859 284 3926; x_wconf 84' lang='lat' dir='ltr'><strong>illustribus</strong></span> <span class='ocrx_word' id='word_1_258' title='bbox 295 3859 544 3945; x_wconf 89' lang='lat' dir='ltr'><strong>Oudendorpius</strong></span> <span class='ocrx_word' id='word_1_259' title='bbox 563 3861 727 3926; x_wconf 87' lang='lat' dir='ltr'><strong>adnotavit</strong></span> <span class='ocrx_word' id='word_1_260' title='bbox 748 3882 765 3926; x_wconf 88' lang='lat' dir='ltr'><strong>a</strong></span> <span class='ocrx_word' id='word_1_261' title='bbox 784 3861 955 3928; x_wconf 86' lang='lat' dir='ltr'><strong>collatione</strong></span> <span class='ocrx_word' id='word_1_262' title='bbox 979 3857 1074 3928; x_wconf 86' lang='lat' dir='ltr'><strong>Voss.</strong></span> <span class='ocrx_word' id='word_1_263' title='bbox 1087 3859 1222 3928; x_wconf 81' lang='lat' dir='ltr'><strong>&#39;abesse</strong></span> <span class='ocrx_word' id='word_1_264' title='bbox 1278 3861 1282 3870; x_wconf 87' lang='lat'><strong><em>‘</em></strong></span> 
     </span>
    </p>
   </div>
   <div class='ocr_carea' id='block_1_8' title="bbox 109 3958 1221 4258">
    <p class='ocr_par' dir='ltr' id='par_1_8' title="bbox 109 3958 1221 4258">
     <span class='ocr_line' id='line_1_35' title="bbox 109 3958 1221 4050; baseline 0.002 -24"><span class='ocrx_word' id='word_1_265' title='bbox 109 3960 188 4028; x_wconf 91' lang='lat' dir='ltr'><strong>ltem</strong></span> <span class='ocrx_word' id='word_1_266' title='bbox 212 3964 329 4027; x_wconf 89' lang='lat' dir='ltr'><strong>omittit</strong></span> <span class='ocrx_word' id='word_1_267' title='bbox 345 3961 382 4033; x_wconf 84' lang='lat' dir='ltr'><strong>P.</strong></span> <span class='ocrx_word' id='word_1_268' title='bbox 404 3964 596 4048; x_wconf 81' lang='lat' dir='ltr'><strong>inscriptus:</strong></span> <span class='ocrx_word' id='word_1_269' title='bbox 622 3963 695 4029; x_wconf 80' lang='lat' dir='ltr'><strong>Caii</strong></span> <span class='ocrx_word' id='word_1_270' title='bbox 714 3959 861 4031; x_wconf 86' lang='lat' dir='ltr'><strong>Suetonii</strong></span> <span class='ocrx_word' id='word_1_271' title='bbox 884 3960 1068 4050; x_wconf 83' lang='lat' dir='ltr'><strong>Tranquilli</strong></span> <span class='ocrx_word' id='word_1_272' title='bbox 1088 3958 1128 4027; x_wconf 84' lang='lat' dir='ltr'><strong>de</strong></span> <span class='ocrx_word' id='word_1_273' title='bbox 1143 3961 1221 4030; x_wconf 79' lang='lat' dir='ltr'><strong>viru</strong></span> 
     </span>
     <span class='ocr_line' id='line_1_36' title="bbox 109 4056 1220 4154; baseline 0.003 -25"><span class='ocrx_word' id='word_1_274' title='bbox 109 4065 283 4133; x_wconf 75' lang='lat' dir='ltr'><strong>ilhtstribzu</strong></span> <span class='ocrx_word' id='word_1_275' title='bbox 304 4065 385 4132; x_wconf 85' lang='lat' dir='ltr'><strong>liber</strong></span> <span class='ocrx_word' id='word_1_276' title='bbox 406 4068 525 4154; x_wconf 56' lang='lat' dir='ltr'><strong>brabit,</strong></span> <span class='ocrx_word' id='word_1_277' title='bbox 548 4065 666 4152; x_wconf 80' lang='lat' dir='ltr'><strong>quibus</strong></span> <span class='ocrx_word' id='word_1_278' title='bbox 688 4087 784 4133; x_wconf 87' lang='lat' dir='ltr'><strong>nemo</strong></span> <span class='ocrx_word' id='word_1_279' title='bbox 808 4085 893 4133; x_wconf 89' lang='lat' dir='ltr'><strong>nunc</strong></span> <span class='ocrx_word' id='word_1_280' title='bbox 915 4085 980 4131; x_wconf 92' lang='lat' dir='ltr'><strong>non</strong></span> <span class='ocrx_word' id='word_1_281' title='bbox 1002 4061 1090 4129; x_wconf 85' lang='lat' dir='ltr'><strong>videt</strong></span> <span class='ocrx_word' id='word_1_282' title='bbox 1113 4056 1220 4150; x_wconf 76' lang='lat' dir='ltr'><strong>ipsum</strong></span> 
     </span>
     <span class='ocr_line' id='line_1_37' title="bbox 109 4166 1220 4258; baseline 0 -22"><span class='ocrx_word' id='word_1_283' title='bbox 109 4171 274 4258; x_wconf 86' lang='lat' dir='ltr'><strong>amplioris</strong></span> <span class='ocrx_word' id='word_1_284' title='bbox 297 4173 423 4254; x_wconf 83' lang='lat' dir='ltr'><strong>operis,</strong></span> <span class='ocrx_word' id='word_1_285' title='bbox 454 4190 496 4236; x_wconf 89' lang='lat' dir='ltr'><strong>cx</strong></span> <span class='ocrx_word' id='word_1_286' title='bbox 518 4190 583 4257; x_wconf 89' lang='lat' dir='ltr'><strong>quo</strong></span> <span class='ocrx_word' id='word_1_287' title='bbox 606 4169 705 4236; x_wconf 89' lang='lat' dir='ltr'><strong>libelli</strong></span> <span class='ocrx_word' id='word_1_288' title='bbox 727 4173 871 4258; x_wconf 86' lang='lat' dir='ltr'><strong>excerpti</strong></span> <span class='ocrx_word' id='word_1_289' title='bbox 893 4181 985 4254; x_wconf 84' lang='lat' dir='ltr'><strong>sunt,</strong></span> <span class='ocrx_word' id='word_1_290' title='bbox 1015 4166 1141 4237; x_wconf 86' lang='lat' dir='ltr'><strong>titulum</strong></span> <span class='ocrx_word' id='word_1_291' title='bbox 1164 4187 1220 4236; x_wconf 82' lang='lat' dir='ltr'><strong>ex·</strong></span> 
     </span>
    </p>
   </div>
   <div class='ocr_carea' id='block_1_9' title="bbox 0 0 1524 5032">
    <p class='ocr_par' dir='ltr' id='par_1_9' title="bbox 0 0 1524 5032">
     <span class='ocr_line' id='line_1_38' title="bbox 0 0 1524 5032; baseline 0 5"><span class='ocrx_word' id='word_1_292' title='bbox 0 0 1524 5032; x_wconf 95' lang='lat' dir='ltr'><strong> </strong></span> 
     </span>
    </p>
   </div>
  </div>
 </body>
</html>
