3072 5014
554 370 854 468 ,υτ-

172 564 291 661 gentis
318 561 452 638 milibus
486 587 620 642 numum
647 593 668 642 e
694 569 734 656 Q.
769 564 892 642 Catulo
920 563 1087 666 emptum,
1119 569 1289 648 accrevi

173 688 434 780 manumissum:
461 687 496 762 L.
522 689 769 788 Apuleium,
795 687 838 762 ab
861 685 973 762 Elicio
996 686 1154 782 Calvino,
1171 693 1288 788 equite

171 809 329 882 Rcrrrano
344 807 552 908 praedivite,
574 810 824 908 quadringenis
837 809 959 881 annuis
973 806 1183 886 conductum
1198 809 1287 884 rnul-

171 939 230 1002 tos
257 927 423 1020 edocere.
472 931 557 1004 Nam
590 932 623 1002 in
652 929 852 1029 provincias
887 949 1027 1024 qnoque
1061 932 1287 1026 grammatica
1307 932 1339 999 4.

169 1059 431 1152 penetraverat,
458 1073 502 1126 ac
530 1051 685 1126 nonnulli
711 1049 759 1126 de
776 1049 966 1146 notissimis
990 1047 1195 1126 doctoribus
1216 1075 1284 1152 pe-

170 1195 277 1269 regre
306 1170 513 1262 docuerunt,
546 1175 693 1247 nrexime
721 1173 754 1244 in
784 1168 896 1244 Gallia
921 1174 1059 1266 togata:
1084 1173 1175 1248 inter
1197 1197 1286 1270 quos

170 1293 394 1370 Octavius
432 1294 654 1384 Teucer,
690 1304 726 1368 et
760 1292 1043 1376 Pescennius
1077 1291 1311 1386 taccitus,¹

168 1421 206 1490 et
232 1417 400 1514 Oppius
436 1411 627 1489 Chares:
660 1412 718 1488 hic
756 1409 893 1511 quidem
928 1408 974 1485 ad
1007 1407 1157 1486 ultimum
1182 1421 1284 1488 aeta-

168 1545 239 1614 tam
264 1545 301 1612 et
327 1559 404 1612 cnm
432 1537 496 1610 iam
524 1559 593 1610 non
620 1538 786 1634 ingressu
811 1529 915 1606 modo
951 1530 1182 1626 deficeretur,
1217 1533 1283 1610 sed

169 1665 208 1733 ct
234 1660 324 1734 visu
532 1739 536 1754 ,

246 1780 301 1854 Ν.
327 1778 528 1880 Appellatio
554 1801 770 1876 grarnma
785 1778 1007 1852 tioorum
1035 1773 1170 1850 Graece
1191 1799 1282 1852 con·
1309 1779 1338 1846 1.

169 1897 356 1975 suetudine
390 1899 555 1980 invaluitr
600 1898 667 1976 sed
699 1899 795 1972 initio
832 1897 1008 1972 literati
1060 1895 1285 1973 vocabantur.

171 2019 354 2096 Cornelius
380 2043 519 2120 quoque
553 2022 674 2120 Nepos
700 2017 841 2110 libello,
876 2041 945 2114 qrro
971 2000 1150 2116 distinguit
1177 2016 1282 2094 lite·
1306 2032 1336 2096 2.

167 2147 309 2214 ratum
343 2140 387 2214 ab
420 2139 623 2236 erudito,
657 2140 878 2218 literatos
915 2135 1025 2234 'vulgo
1052 2135 1188 2235 quidem
1215 2164 1282 2240 ap-

167 2259 292 2362 pellari
326 2263 375 2335 ait
401 2284 477 2353 cos,
504 2265 561 2358 qui
592 2259 780 2358 diligenter
805 2254 935 2356 aliquid
971 2270 1007 2331 et
1031 2265 1135 2332 acute
1161 2261 1281 2334 scien-

168 2389 292 2479 terque
309 2384 447 2484 possint
465 2389 527 2455 ant
543 2380 664 2458 dicere
682 2391 741 2454 aut
763 2379 943 2456 scribere:
971 2385 1126 2454 ceterum
1139 2382 1281 2482 proprie

163 2505 218 2578 sic
253 2501 487 2604 appellandos
519 2512 698 2610 poetarum
734 2503 963 2600 interpretes,
1000 2501 1104 2598 qnia
1136 2501 1281 2575 Graecis

163 2625 492 2721 grammatici
527 2623 753 2704 nominentur.
813 2619 966 2695 Eosdem
1003 2619 1333 2699 literatcrestl.

163 2745 341 2819 vocitatos
362 2742 529 2818 Messalla
552 2744 726 2820 Corvinus
750 2745 784 2816 in
807 2740 953 2840 quadam
978 2739 1129 2843 epistola
1150 2751 1276 2816 osten-

163 2863 231 2955 dit,
258 2887 327 2940 non
355 2887 440 2940 esse
466 2863 553 2956 sibi,
580 2863 733 2954 dicens„
754 2885 826 2937 reru
853 2882 930 2936 cnm
956 2863 1060 2936 Furio
1097 2859 1275 2952 Bibaculo,

162 3010 231 3062 nec
256 3009 333 3061 cnm
360 2984 480 3060 Ticida
501 2985 649 3084 quidem,
675 2994 734 3059 ant
762 2983 942 3062 literature
971 2985 1122 3060 Catone:
1164 2984 1277 3080 signi·

161 3107 245 3180 licat
272 3108 360 3180 enim
379 3103 472 3178 haud
491 3105 597 3182 dubie
616 3105 789 3180 Valerium
817 3107 994 3195 Catonem,
1020 3113 1160 3205 poetam
1177 3099 1277 3175 simul
1299 3163 1302 3170 .

161 3227 488 3323 grammaticamque
519 3229 741 3302 notissimum.
791 3225 877 3303 Sunt
909 3231 966 3326 qni
992 3227 1225 3300 literatum
1255 3249 1276 3298 a
1298 3235 1329 3298 4.

163 3347 410 3426 literature
435 3347 668 3446 distinguant,
696 3354 732 3420 ut
755 3346 881 3421 Graeci
905 3347 1228 3446 grammaticum
1255 3371 1277 3419 a

151 3471 470 3566 'grammatista
498 3478 532 3545 et
555 3468 648 3544 illum
671 3467 808 3568 quidem
832 3468 1005 3561 absolute,
1029 3465 1122 3542 lrunc
1138 3466 1275 3544 rnedio-

161 3593 266 3666 criter
284 3588 423 3666 doctum
445 3593 655 3682 existiment,
689 3613 832 3690 quorum
854 3592 1051 3693 opinionem
1076 3592 1129 3663 01·
1139 3588 1276 3664 bilius

160 3714 263 3786 etiam
290 3709 468 3816 exemplis
486 3711 675 3787 confirmat.
726 3712 880 3810 Namque
919 3708 1011 3812 apud
1040 3711 1188 3784 maiores
1214 3713 1273 3805 ait,
1295 3721 1327 3787 5.

159 3854 238 3907 omn
265 3830 392 3906 familia
417 3832 563 3907 alicuius
591 3831 727 3907 venalis
748 3830 1019 3935 produceretur,
1044 3853 1113 3904 non
1141 3840 1273 3906 temere

159 3941 260 4054 quenl
287 3953 545 4032 literatum
535 3979 568 4027 m
585 3957 608 4028 ti
611 3955 698 4046 tulo,
725 3952 790 4032 sed
815 3953 1103 4029 literatcrem
1133 3953 1273 4027 inscribi

159 4076 300 4152 solitum
326 4085 436 4150 esser*
453 4077 552 4173 quasi
571 4099 640 4150 non
656 4100 720 4177 per
721 4075 848 4167 fectum
869 4072 990 4166 literis,
1016 4070 1081 4146 sed
1104 4071 1273 4149 imbutum.

159 4199 310 4278 Veteres
328 4198 550 4300 grammatici
578 4204 613 4272 et
650 4193 857 4276 rhetoricam
885 4192 1077 4274 docebantr
1113 4217 1157 4274 ao
1185 4194 1272 4272 nul·
1295 4215 1324 4280 6.
