3054 5000
507 449 510 456 .
593 383 637 398 ““
692 337 745 414 97
796 383 848 398 ““

571 529 754 616 trior
797 528 865 616 ti.

229 674 255 731 l.
277 670 327 730 Ad
342 671 385 747 id]
401 671 460 730 Alii
472 676 514 729 od
524 675 603 730 idem
613 674 661 730 rel
672 673 788 732 edidere
802 673 850 730 rel
861 669 948 730 sortiri
960 671 1087 730 voluere.
1110 671 1273 732 nnuman.

224 775 358 852 Epidius]
382 777 569 851 Praenomen'
592 777 669 849 qnod
698 775 812 835 reticuit
833 772 1007 848 Suetonius,
1037 773 1147 832 Plinius
1168 787 1294 846 servm,

154 880 218 955 vit,
248 879 276 936 si
304 880 388 956 modo
418 879 492 936 idem
519 880 603 938 homo
626 879 807 954 intelligitur,
828 878 928 953 xvir,
949 877 1001 958 25,
1025 878 1084 936 88:
1113 880 1198 951 apud
1217 891 1274 936 uon

155 997 227 1041 reru
250 983 282 1041 C.
301 983 407 1062 'Epidii
428 986 653 1058 commentarii,
675 986 709 1042 in
730 973 841 1058 ouibus
868 983 991 1040 amores
1014 983 1134 1040 locutae
1154 995 1275 1057 mouente

155 1091 368 1161 reperiuntur.
407 1088 518 1144 contra
545 1089 678 1145 Marsum
707 1079 833 1160 appellat
862 1092 894 1144 et
921 1086 1034 1160 quidem
1063 1086 1126 1146 sine
1155 1085 1217 1148 ulla
1236 1085 1275 1146 de

156 1191 272 1247 homine
288 1190 465 1248 dubitatione
477 1190 621 1262 cynthius
637 1190 808 1250 cenetensis
831 1193 859 1250 in
873 1190 1039 1265 Vergilium
1058 1190 1086 1248 in
1102 1190 1174 1250 Maii
1185 1190 1273 1271 Anat.

160 1295 195 1350 ol.
218 1295 255 1355 Τ.
277 1295 347 1352 Vll.
376 1311 405 1366 p.
429 1293 505 1376 323,
533 1295 640 1352 uiride
663 1296 818 1369 vergulio:
852 1297 992 1371 „Romam
1013 1305 1081 1352 mox
1110 1311 1144 1352 ae
1165 1300 1274 1354 eontu-

158 1397 202 1470 lit,
224 1401 256 1452 et
277 1397 333 1454 suli
356 1397 458 1454 Maroo
481 1396 731 1481 lipidiorlretoreJ
756 1397 805 1470 qui
823 1401 919 1455 ruerat
938 1396 1070 1470 Augusti
1090 1400 1272 1474 praeceptor,

157 1501 278 1557 multum
302 1499 586 1575 pror'eoit,.eiusque
607 1500 749 1559 industria
769 1502 798 1558 in
821 1500 971 1558 amicitiam
1002 1498 1139 1558 Pollionis
1162 1513 1273 1572 aooep·

157 1608 205 1660 tus
228 1601 305 1664 est.“
340 1605 430 1660 Immo
453 1603 681 1682 condiscipulum
704 1605 836 1678 Augusti
858 1603 929 1662 lacit
954 1603 1117 1678 Vergilium
1140 1602 1195 1661 sub
1218 1617 1274 1662 eo-

157 1706 222 1762 dem
252 1711 443 1778 praeceptore
472 1708 585 1763 Auctor
606 1707 684 1764 vitae
707 1708 832 1782 Vergilii
861 1726 897 1766 ex
916 1705 980 1769 ood'.
1009 1706 1103 1768 Paris.
1132 1708 1274 1782 vulgatas

157 1811 186 1870 in
214 1803 418 1888 Bibliothdquo
446 1808 483 1868 de
511 1806 615 1869 l'doole
645 1811 697 1868 des
719 1813 835 1872 ohartes
867 1816 901 1892 Τ.
923 1815 961 1874 11.
984 1830 1012 1886 p.
1038 1812 1117 1872 126:
1142 1811 1274 1891 „studuit

156 1916 236 1988 apud
256 1914 391 1987 Epidinm
414 1917 556 1972 oratorem
580 1928 644 1970 oum
668 1915 796 2001 Caesare
818 1911 999 1992 Augusto.“¹
1026 1919 1202 1987 euadere
1223 1917 1272 1978 di·

155 2035 226 2076 nere
247 2033 326 2075 nuno
348 2015 480 2074 alienum.
521 2004 607 2074 Adde'
628 2019 703 2089 quod
725 2020 755 2076 in
786 2009 931 2080 rhetorum
951 2020 1052 2079 lndioe
1078 2020 1147 2079 huin
1174 2019 1272 2079 libello

156 2123 317 2194 praemisso
344 2120 466 2193 Epidius
494 2121 602 2192 pariter
629 2123 671 2182 M.
701 2119 873 2194 appellatur.
916 2123 1009 2180 lluius
1038 2122 1075 2179 ad
1102 2122 1189 2180 ddem
1219 2137 1272 2180 our

156 2226 184 2282 in
206 2229 374 2282 contextum
401 2240 457 2282 non
480 2223 647 2298 reoeperim,
671 2223 730 2280 dixi
751 2223 788 2281 ad
806 2227 931 2283 tiramm.
954 2225 984 2284 t.
1002 2223 1065 2283 init.
1143 2245 1146 2252 ⁴

221 2326 377 2404 oalumnia]
400 2330 435 2389 Β.
457 2330 648 2391 compartum.
863 2321 866 2326 ’

216 2431 344 2506 dicendi]
368 2436 414 2490 lta
435 2433 491 2490 ianr
514 2449 551 2489 ex
573 2432 618 2493 ed.
641 2433 722 2496 Flor.
745 2433 876 2490 Oudend.
900 2437 930 2489 et
944 2431 1099 2490 llrnoatiua
1121 2447 1269 2506 reponen-

150 2537 218 2594 dum
247 2552 315 2593 esse
337 2535 469 2592 viderant
489 2550 543 2608 pro
565 2539 703 2615 docendi,
726 2542 759 2593 ut
782 2541 868 2592 antea
885 2535 1081 2610 vulgabature
1103 2535 1159 2593 uisi
1180 2551 1268 2609 pror-

149 2656 203 2698 sus
224 2639 418 2696 inducendum
441 2627 532 2712 esset,
565 2639 643 2710 qnod
665 2638 739 2697 idem
761 2635 915 2699 Ernestiua
945 2639 1269 2714 propassionales

149 2745 228 2803 veo.
252 2746 388 2802 woeudt.
1171 2755 1175 2764 '

215 2847 246 2906 2.
269 2843 392 2920 Quibus]
415 2847 480 2906 Par.
504 2848 537 2903 r'n
558 2848 682 2925 paitru,
704 2851 738 2903 ut
759 2848 839 2906 llari.

214 2943 263 3024 0.]
293 2947 376 3015 Quod
398 2946 645 3017 tribunusplebis
667 2946 850 3022 Cannutius,
874 2947 923 3020 qni
944 2945 992 3004 irio
1010 2947 1071 3006 'non
1093 2946 1187 3020 possit
1206 2960 1267 3007 non

146 3051 281 3126 intelligi,
309 3065 483 3121 praenomen
506 3049 615 3106 'l'iierii
635 3049 778 3127 detumit,
809 3050 866 3108 lroo
886 3047 1041 3110 ldroestius
1064 3051 1185 3109 resoriti
1206 3063 1264 3110 ro-

144 3155 210 3213 luit.
255 3153 363 3212 Lenius
391 3153 503 3210 Wolfio
533 3151 733 3212 videbatorG
764 3154 877 3230 delere,
900 3153 988 3227 'quod
1010 3155 1066 3212 iani
1088 3152 1265 3213 Oudendor-

143 3258 222 3330 pius‚
245 3273 329 3328 quem
351 3275 380 3316 v.
402 3254 440 3313 do
460 3257 518 3313 hoo
539 3256 661 3332 homine,
683 3256 739 3314 sibi
759 3258 855 3331 magia
877 3257 994 3330 plaoere
1016 3257 1215 3319 adnotaverat.

213 3353 388 3440 Cannutius]
412 3360 515 3432 Vulgo
538 3355 703 3437 Canutius,
726 3367 760 3418 ut
783 3362 858 3423 Ven.
880 3361 1061 3432 scripturam
1082 3361 1208 3419 nominis·
1225 3379 1263 3420 ex

145 3464 226 3523 llari.
243 3465 303 3522 PB.
325 3459 519 3540 (canorius)
537 3470 571 3522 ,et
587 3465 654 3522 Par.
676 3468 842 3536 suseeptam
864 3467 978 3521 drmant
999 3466 1084 3526 tirnt.
1106 3483 1134 3539 p.
1147 3467 1220 3545 872,
1241 3468 1262 3526 4

94 3575 101 3582 ·
144 3573 174 3625 et
196 3569 269 3625 cod.
292 3561 400 3628 Medio.
424 3568 515 3640 ltpist.
538 3567 698 3629 cioeronis
733 3567 819 3627 Adde
840 3567 964 3642 lapidem
985 3567 1013 3627 ln
1036 3571 1134 3629 Laius
1154 3569 1261 3628 Museo

17 3671 18 3680 ’
144 3672 173 3728 di
197 3673 339 3730 Mantova
359 3674 393 3731 r.
416 3672 470 3730 111.
492 3689 522 3745 p.
546 3672 619 3732 237.

208 3769 394 3856 republica]
419 3775 499 3836 llarl.
521 3775 581 3836 ult.
603 3780 634 3832 et
654 3776 720 3833 Par.
743 3793 780 3834 re
797 3793 828 3851 p.
851 3779 927 3835 ven.
950 3789 1036 3848 repu.

210 3871 389 3959 romularis]
413 3880 478 3936 Par.
500 3883 531 3936 et
552 3878 632 3937 llari.
655 3881 797 3940 umidis.
823 3880 897 3941 ritu
920 3875 1067 3956 emmau,
1089 3875 1257 3949 perperam:

90 3969 106 4000 ⁸
145 3985 346 4060 nequeenim,
368 3983 685 4059 inquitGasauionua,
707 3984 918 4062 Considiorum
948 3996 1048 4043 verum
1069 3981 1257 4045 Serviliorum

144 4107 306 4167 oognomen
327 4095 391 4148 orat
410 4092 579 4150 bostram
1191 4087 1195 4096 ’

209 4193 394 4270 moueretur]
416 4197 482 4258 Par.
504 4197 713 4271 numeror.

1024 4275 1043 4327 7
