3038 5032
750 375 1006 454 -ρο,

320 570 529 670 imposuisse
550 567 670 642 Latine
697 565 835 644 soiiioet
859 567 1084 644 rhetoras:
1112 569 1156 642 ibi
1184 567 1338 646 borsines
1360 568 1416 644 ud·-

266 707 297 772 4.
320 690 562 768 oiesuentnlos
588 689 666 766 dies
690 701 785 765 totos
806 689 981 764 desidere.
1021 691 1175 764 Maiores
1193 695 1314 781 nostri,
1339 713 1416 788 quse

318 813 449 890 liberos
475 835 561 888 suos
592 810 733 888 diruere
768 819 804 886 et
836 834 925 910 qnos
960 814 993 883 in
1026 809 1132 887 ludos
1167 815 1255 887 iture
1287 812 1416 900 velient,

317 936 548 1008 instituerunt.
593 933 689 1008 Haeo
717 955 830 1024 nova,
864 953 958 1029 quse,
978 943 1118 1032 praeter
1143 933 1416 1010 consuetudinem

316 1079 360 1132 uo
387 1073 515 1128 rnorem
543 1055 704 1130 maiorum
732 1053 827 1144 fiunt,
864 1077 977 1151 neque
1011 1054 1151 1155 placent
1183 1076 1298 1151 neque
1334 1061 1417 1127 rents

264 1189 295 1252 5.
317 1175 488 1252 videntur.
534 1179 755 1277 Quapropter
781 1185 817 1252 et
844 1179 897 1267 iis,
929 1180 984 1273 qni
1014 1199 1079 1251 eos
1104 1175 1207 1250 ludos
1231 1176 1366 1267 habent,
1389 1184 1418 1251 et

316 1300 368 1390 iis,
395 1301 462 1394 qni·
479 1321 526 1374 eo
552 1300 676 1372 venire
696 1308 970 1382 consueverunt,
1006 1284 1144 1371 videtur
1171 1296 1364 1372 feriundum
1389 1305 1418 1370 nt

316 1418 584 1496 ostenderemus
612 1425 765 1492 nosirrnn
791 1420 1008 1508 sententiani,
1037 1416 1136 1492 nobis
1157 1441 1225 1492 non
1255 1418 1418 1519 piaoere.“

263 1555 294 1620 6.
316 1540 482 1615 Paulatim
510 1549 547 1614 et
574 1541 649 1639 ipsa
676 1537 770 1612 utilis
804 1537 1022 1635 honesteque
1056 1540 1232 1638 rppuruit:
1267 1540 1418 1635 multique

262 1677 292 1742 ⁷.
314 1687 389 1739 esur
404 1669 442 1737 et
456 1657 618 1761 praesidii
634 1681 763 1733 oaussu
777 1665 812 1733 et
826 1659 963 1757 gloriae
980 1663 1237 1760 appetiverunt.
1265 1661 1309 1736 Gi
1320 1681 1418 1735 uero

313 1784 358 1858 ud
386 1792 579 1885 praeturam
608 1802 718 1878 usque
742 1782 844 1855 etium
865 1780 1002 1856 Graece
1020 1779 1276 1862 deulrnnituvitr
1310 1781 1417 1854 Latine

314 1927 402 1980 vero
430 1905 549 1977 senior
575 1923 734 1999 quoqne,
770 1910 806 1976 et
841 1901 978 1999 quidem
1014 1927 1090 1978 unnr
1118 1905 1224 1979 Cous.
1251 1906 1358 1978 Hirtio
1387 1908 1418 1974 et

311 2027 444 2098 Pansa:
467 2047 555 2120 qnos
578 2020 771 2120 disoipnius
787 2032 822 2097 et
836 2023 992 2120 grandes
1006 2033 1249 2124 praetextatos
1269 2024 1418 2101 vocabar.

258 2156 290 2222 8.
314 2148 386 2223 Cn.
424 2145 708 2244 Pornpeiurn
737 2143 871 2239 qnidurn
906 2143 1060 2217 historici
1094 2125 1330 2234 tradiderunt,
1361 2139 1417 2214 snb

312 2271 421 2368 ipsurn
451 2263 557 2338 eiviie
583 2262 725 2355 bellun,
759 2288 827 2361 quo
861 2262 998 2336 facilins
1027 2264 1062 2348 O.
1091 2265 1248 2355 Curioni,
1285 2286 1417 2364 prornp·

311 2391 444 2461 tissimo
471 2389 601 2475 iuveni,
629 2407 787 2459 caussam
808 2385 968 2459 Caesaris
995 2382 1210 2477 defendenti,
1245 2375 1416 2460 contradi·

311 2517 420 2599 cerei,
448 2509 619 2605 repetisse
638 2505 854 2580 declamandi
877 2505 1183 2582 connsuetudinem:
1217 2506 1262 2578 M.
1284 2501 1416 2580 Anto·
1490 2537 1491 2612 }

259 2608 263 2620 „
311 2629 441 2716 nium,
469 2627 549 2700 iteur
579 2626 844 2722 Angustum,
873 2651 917 2708 ne
943 2627 1127 2704 Mutinensi
1164 2625 1301 2723 quidem
1331 2623 1416 2700 bello

256 2760 288 2826 9.
310 2749 481 2822 omisisse.
528 2747 559 2825 N
566 2768 642 2821 ero
676 2746 848 2820 Caesar
871 2752 978 2848 prirno
1001 2749 1254 2847 irnperiiranno,
1287 2747 1418 2848 publice

310 2891 449 2966 quoqne
466 2867 520 2942 bis
539 2877 653 2957 antea,
681 2866 910 2944 deolurravit:
937 2869 1096 2969 plerique
1113 2858 1227 2944 sutem
1249 2881 1417 2946 oratorurn

236 2998 288 3062 10.
309 2992 410 3064 etiarn
452 2984 726 3068 deeianrationes
761 2989 955 3073 ediderunt.
997 2992 1113 3080 Quare
1145 3013 1271 3088 niagno
1305 2989 1417 3066 wstudio

309 3108 500 3186 horninibus
513 3112 654 3202 iniecto,
673 3133 797 3208 nrugnu
814 3114 913 3187 etiarn
932 3111 1169 3213 professorum
1184 3133 1228 3185 ou
1241 3110 1423 3190 dootornn

308 3233 473 3332 produxit
499 3236 601 3333 copie
633 3231 794 3332 adeoque
823 3235 953 3325 duruit,
993 3241 1029 3309 nt
1056 3232 1210 3309 nonnulii
1236 3257 1284 3308 ex
1311 3233 1419 3308 infima

308 3355 445 3428 fortuna
460 3359 494 3430 in
508 3354 663 3433 ordinent
679 3361 889 3433 senatorium
907 3366 1013 3455 atque
1031 3355 1077 3431 ud
1096 3379 1247 3431 surnrnos
1269 3353 1418 3431 honores

235 3499 288 3568 11,
307 3480 557 3578 processerint.
597 3478 669 3554 Seu
693 3484 781 3554 ratio
803 3477 955 3556 docendi
977 3499 1045 3556 non
1065 3505 1133 3554 una
1153 3479 1329 3572 urnnibus,
1356 3497 1418 3552 neo

307 3598 456 3696 singulis
469 3597 591 3674 eodeni
606 3621 744 3700 semper
762 3599 845 3689 init3
873 3600 1012 3698 quando
1036 3603 1135 3675 vario
1151 3600 1254 3678 modo
1276 3604 1418 3698 quisque

307 3719 503 3822 discipulos
539 3727 785 3796 exercuerunt.
838 3723 921 3796 Nam
949 3728 986 3798 et
1012 3721 1107 3796 diota
1140 3720 1324 3821 praeclare
1359 3741 1419 3819 per

309 3865 431 3948 onnes
468 3841 616 3940 figuras,
653 3863 716 3941 per
742 3864 847 3917 ussus
883 3849 919 3918 et
953 3841 1147 3942 apologos,
1182 3840 1283 3916 utitor
1317 3846 1419 3937 atque

305 3963 408 4040 aliter
435 3985 618 4066 exponere
651 3972 689 4038 et
716 3967 931 4038 narrationes
952 3971 1021 4038 turn
1046 3962 1204 4040 'breviter
1228 3970 1264 4038 et
1284 3981 1438 4062 presso.

307 4097 376 4159 turn
402 4083 505 4161 latius·
533 4095 570 4160 et
597 4080 737 4160 uberius
773 4083 954 4184 expiiuere
989 4093 1220 4160 consuerant:
1253 4079 1418 4157 interdurn

306 4204 519 4280 Grueoornrn
534 4210 664 4306 scripta
685 4200 898 4284 convertero
920 4227 963 4284 eu
988 4207 1084 4282 virus
1104 4203 1258 4280 illustres
1277 4199 1418 4296 tundore
