3054 5000
722 379 984 482 ..34-ἱ

291 561 385 620 moer
410 563 530 636 primm
549 559 619 632 linit
637 560 775 632 menno
800 560 968 636 Tranquilli
996 563 1127 620 bbtoriei
1153 565 1191 620 de
1212 561 1406 640 unctoribus,

291 665 444 741 hiberii,
469 669 527 722 tum
559 664 654 722 statim
677 665 773 723 addito
795 664 895 723 Indice
918 668 1078 742 rhetorum,
1102 667 1149 724 De
1170 667 1334 724 Rhetoricis
1353 672 1408 724 in-

290 773 428 832 ventione
450 777 479 828 et
498 773 715 833 inventoribus.
737 770 782 828 De
801 770 889 828 totins
907 771 1004 844 operis
1026 770 1212 843 inscriptione
1225 771 1408 828 consulenda

290 883 336 936 est
349 877 503 936 Praefatio.

719 1043 902 1128 ciiii
947 1044 972 1126 1.

355 1172 429 1270 tere]
458 1192 503 1248 lte
533 1193 566 1247 ii.
591 1189 671 1248 iinri.
701 1194 730 1245 et
753 1191 820 1252 Par.
843 1203 907 1244 cnm
942 1189 1017 1250 Ven.
1049 1191 1152 1263 Vulgo
1172 1205 1263 1267 sero,
1294 1191 1409 1246 t'rustre

288 1285 438 1354 deiensum
463 1312 481 1351 s
502 1295 618 1351 Murcto
652 1291 721 1351 Ver.
751 1292 817 1348 lect
849 1291 999 1376 xv1‚=10
1022 1293 1155 1367 aliisque,
1179 1307 1252 1365 quos
1267 1295 1410 1348 recenset

288 1399 521 1473 Oudendorpius,
544 1397 591 1469 oiri
614 1413 685 1458 cero
708 1394 840 1468 retinuit,
865 1401 1006 1453 retentum
1030 1405 1060 1453 et
1077 1396 1188 1453 Woltio
1212 1400 1241 1452 et
1263 1391 1408 1455 BOrusio.

287 1505 352 1561 Non
375 1504 475 1578 egitur
504 1503 540 1558 de
569 1506 713 1574 tempore,
743 1517 799 1573 qno
823 1500 967 1572 rhetorice
989 1501 1109 1558 Romam
1132 1501 1255 1556 advecto
1277 1499 1328 1572 sit,
1352 1498 1410 1553 sed

287 1607 324 1664 de
346 1606 509 1664 conditione
531 1605 605 1665 eius.
793 1595 806 1614 ⁸

346 1695 483 1786 paululo]
509 1710 609 1783 Vulgo
624 1725 688 1766 cum
704 1711 737 1766 B.
758 1713 787 1765 et
810 1711 874 1768 Por.
889 1711 1000 1782 paullo.
1020 1708 1089 1768 Harl
1118 1723 1183 1766 cum
1207 1712 1280 1766 Ven.
1299 1710 1409 1782 pundo.

353 1812 576 1890 nonnumquam]
599 1814 660 1872 PR.
683 1817 712 1869 et
735 1813 817 1871 Hori.
840 1793 1093 1890 nonnunquam(

352 1915 454 1992 etiem]
481 1917 553 1976 Ven.
577 1932 654 1975 eene.
677 1919 710 1976 ii.
736 1923 771 1975 et.
1411 1969 1422 1974 -

340 2005 449 2097 uetus]
473 2022 556 2090 Quod
580 2025 646 2093 post
669 2021 697 2080 h.
721 2037 748 2078 v.
772 2037 790 2076 a
813 2021 848 2080 ii.
873 2021 1021 2094 Stephano
1039 2021 1119 2096 inde,
1143 2028 1175 2078 ut
1191 2026 1315 2078 testetur
1337 2022 1408 2079 Ou-

288 2127 481 2199 dendorpius,
511 2125 650 2182 insertum
673 2127 719 2182 esi
746 2123 903 2195 sedemque
931 2141 1011 2194 strom
1043 2123 1078 2181 od
1106 2125 1183 2182 bunc
1213 2123 1306 2198 ipsum
1329 2123 1407 2182 diem

285 2232 314 2288 in
338 2230 508 2289 editionibus
531 2228 685 2302 occupavit
707 2231 737 2289 S.
751 2227 799 2306 0.,
823 2228 869 2284 vei
891 2231 1216 2307 senatusconsultum,
1240 2227 1266 2283 id
1290 2229 1408 2286 tametsi

287 2333 466 2394 osnetonio
496 2327 584 2390 scribi
614 2333 745 2406 potuisse
768 2333 946 2406 concedam,
977 2339 1071 2390 temen
1100 2327 1231 2402 retinere‘
1249 2332 1346 2404 invitis
1370 2333 1406 2391 P.

168 2477 173 2486 =
288 2439 452 2511 ceterisque
481 2438 612 2495 omnibus
640 2453 714 2510 qnos
743 2436 811 2494 novi
838 2435 986 2494 codicibus
1012 2453 1068 2494 non
1098 2454 1189 2494 nnsus
1225 2454 1298 2496 snm.
1333 2436 1407 2494 Scio

288 2542 418 2615 quidem,
449 2546 569 2598 senatos
593 2543 755 2599 consultum
779 2559 833 2601 suo
856 2541 910 2600 sibi
933 2543 1050 2615 proprio
1072 2543 1185 2600 nomine
1207 2543 1233 2599 si
1250 2535 1406 2618 oppellnn-

288 2645 355 2702 dnm
381 2643 479 2717 tuerit,
508 2661 564 2701 non
587 2645 718 2716 potuisse
747 2646 802 2701 dici
828 2650 977 2703 edictum:
1006 2647 1059 2702 sed
1082 2663 1168 2719 quum
1192 2663 1229 2703 ex
1251 2646 1315 2718 ipso
1337 2647 1407 2704 ioco

286 2754 386 2823 putent
416 2764 471 2806 non
501 2749 536 2804 de
565 2752 686 2806 auctore
715 2749 819 2824 edicti,
850 2751 901 2806 sed
931 2751 967 2807 de
990 2750 1087 2807 edicto
1115 2748 1182 2826 egi,
1217 2765 1274 2822 qrro
1296 2749 1405 2823 aliquid

288 2845 437 2911 vetaretur
465 2857 494 2910 et
516 2843 724 2928 prohiberetur,
754 2849 885 2925 quodni
908 2854 990 2910 tieret
1019 2853 1146 2925 praetori
1163 2849 1407 2912 'animadverten-

288 2958 355 3016 dum
379 2962 476 3041 esset„
493 2973 527 3012 en
551 2957 646 3028 aptius
669 2956 697 3012 id
721 2956 845 3014 edictum
870 2955 1011 3029 appellari
1033 2957 1136 3034 potnit,
1159 2957 1281 3031 quodid
1300 2957 1407 3032 ipsum,

272 3055 363 3135 ‘qnod
386 3061 421 3116 ad
445 3059 588 3132 praetoris
611 3059 886 3144 animadversionem
910 3060 1051 3132 pertinere
1074 3059 1234 3136 indicetur,
1267 3065 1409 3120 edicendi

289 3163 412 3222 tormnln
435 3163 518 3220 etinm
546 3161 576 3218 in
599 3165 631 3221 S.
656 3162 690 3226 Ο,
714 3163 750 3219 de
773 3163 948 3221 Buccbnnnl.
972 3163 1000 3220 in
1029 3179 1136 3220 caussa
1163 3163 1248 3220 simili
1270 3165 1408 3238 appelln-

289 3261 337 3326 tu‘r
358 3267 543 3340 poncionique
565 3266 621 3323 hoc
655 3267 767 3324 nomine
790 3267 984 3327 committitur.
1030 3268 1074 3348 Ci
1098 3266 1162 3326 div.
1185 3257 1328 3342 xxxix,
1355 3268 1407 3330 14.

289 3372 370 3440 Quod
394 3371 485 3443 igitur
508 3373 611 3427 Patres
634 3377 821 3445 censuerunt,
844 3372 872 3429 id
895 3371 1169 3428 senatusconsulto
1196 3370 1309 3442 quidem
1330 3387 1408 3428 con-

269 3459 405 3544 ceptum
429 3472 499 3529 tuit:
522 3473 551 3529 id
574 3490 644 3531 vero
667 3478 699 3531 ut
721 3481 815 3532 ratum
837 3478 933 3546 tieret,
957 3473 992 3529 nd
1017 3489 1114 3530 curem
1131 3474 1293 3546 pertinebat
1314 3491 1407 3547 pree-

290 3575 370 3651 toris,
394 3573 441 3648 nui
464 3571 492 3630 iti
506 3591 572 3659 eum
587 3577 635 3647 qni
650 3593 738 3634 secus
755 3583 859 3650 egeret
880 3575 1130 3634 animadverteret.
1154 3576 1267 3653 Itaque,
1290 3580 1409 3636 tametsi

290 3694 393 3736 revere
423 3681 543 3733 senatus
574 3678 738 3734 consultum
766 3679 835 3751 tuit,
869 3684 963 3736 tomen
995 3696 1012 3735 n
1041 3681 1199 3756 Suetonio,
1229 3695 1288 3737 rem
1319 3681 1409 3740 unice

291 3780 481 3855 respiciente,
505 3779 629 3838 edictum
653 3781 792 3854 appellari
813 3781 915 3855 potnit.
946 3785 1053 3859 Fateor
1078 3788 1172 3840 tomen
1194 3784 1298 3842 melius
1324 3788 1408 3843 Sue-

291 3885 399 3943 tonium
412 3883 589 3957 scripturum
609 3885 701 3944 tuisse
718 3893 802 3944 cetus
815 3889 954 3964 edictum,
976 3890 1045 3944 item
1067 3888 1255 3946 Censorium.
1286 3891 1410 3960 Spectet

290 4004 318 4049 a.
341 4005 371 4050 o.
395 4003 421 4045 c.
446 3988 519 4050 592,
543 3989 679 4046 Ceterum
701 4005 745 4064 eo,
769 3991 846 4062 quod
868 3991 925 4050 SC.
949 3991 1020 4048 iilud
1042 3992 1078 4046 de
1100 3991 1274 4052 meroribus·
1290 3994 1410 4054 monis

291 4092 385 4148 (initio
410 4093 477 4166 XV,
497 4093 534 4150 ll
558 4091 731 4168 appelletur,
754 4109 842 4165 quum
856 4093 970 4169 Groeoi,
993 4109 1050 4151 non
1071 4094 1166 4153 Latini
1195 4096 1409 4175 intelligentur,
1449 4081 1456 4090 ’

293 4209 350 4252 non
380 4211 558 4270 magnopere
588 4196 791 4272 ioborendntn3
827 4203 947 4272 appetet
979 4198 1051 4256 enim
1081 4199 1200 4259 Latinis
1228 4218 1329 4260 errore
1349 4205 1410 4262 ed-
