3054 5000
695 361 950 441 ...30-

268 561 299 618 ut
319 557 377 618 SC.
400 558 436 614 ds
458 557 566 620 Bacch.
590 575 736 617 censuere
758 591 800 600 -
823 562 869 616 sui
890 574 966 634 ques
996 565 1090 635 esent,
1123 563 1194 634 ausi
1216 562 1293 618 silui
1314 566 1384 620 dai-

267 669 373 721 cereal
392 692 433 704 -—
457 664 518 720 sals
541 663 601 731 alsi
613 695 655 704 -
670 667 712 720 ad
730 680 776 736 pr.
799 666 954 722 urlaaaus
976 666 1102 722 Rumam
1123 667 1263 723 renirual
1292 666 1383 722 Alina

267 765 324 827 SC.
348 782 394 838 up.
418 765 546 823 Coelium
570 767 606 823 sd
629 765 690 828 Cis.
713 768 797 842 vlu,
821 768 858 826 8:
891 771 919 824 si
940 770 1015 842 quid
1035 771 1073 824 cla
1102 784 1139 826 aa
1160 785 1196 826 rs
1219 773 1261 827 ad
1279 787 1385 844 papu-

265 873 329 928 lum
347 871 500 945 plelemru
521 871 579 928 lala
602 886 680 944 opus
702 877 789 949 essai,
826 873 869 927 uli
889 873 956 930 Ser.
977 873 1132 946 Sulpicius
1155 905 1195 944 -τ
1219 878 1385 949 alpopu-

265 976 328 1031 lum
348 974 499 1048 plebemt-s
517 975 639 1044 serrem
679 974 779 1031 Simile
806 974 907 1031 vllium
938 974 1049 1032 obsidet
1079 976 1201 1032 Gellium
1231 977 1286 1051 lv,
1310 978 1330 1036 6
1354 978 1384 1036 in

266 1078 293 1134 in
316 1077 372 1138 sliu
395 1076 467 1150 SC„
491 1075 540 1133 ubi
561 1077 787 1138 restituendum:
810 1085 998 1136 censueras!
1016 1081 1059 1136 uli
1076 1081 1119 1140 M.
1135 1079 1287 1138 Auianius
1304 1099 1384 1140 aaa·

265 1183 318 1238 sul
347 1182 448 1238 laslir's
480 1180 644 1246 maioribus
672 1183 736 1240 lavi
763 1189 793 1238 el
812 1185 906 1241 lllurli
927 1190 1110 1256 procurare!
1137 1191 1167 1240 e!
1194 1186 1302 1242 celeris
1325 1189 1386 1242 diis

264 1285 375 1360 auibus
397 1287 547 1346 risiarulur
566 1285 737 1364 placandis,
774 1293 806 1342 el
835 1289 864 1343 si
881 1293 1084 1364 procurasset,
1116 1289 1188 1343 salis
1211 1289 1386 1346 labendum

266 1397 469 1465 censuerim&
493 1389 633 1463 vulgatur
651 1391 722 1449 euim
742 1395 787 1450 uli
797 1401 1007 1471 procursum,
1032 1393 1121 1450 inviis
1143 1393 1199 1450 lsai
1223 1399 1384 1456 structura.

330 1488 382 1576 ux]
406 1495 500 1553 Abest
522 1511 539 1552 s
565 1497 630 1554 Psr.
655 1496 752 1554 Ceteri
773 1497 838 1555 libri
860 1500 935 1556 Mss.
959 1501 987 1554 et
1010 1497 1142 1570 impressi
1165 1515 1189 1554 a.

333 1617 366 1660 rs
388 1597 515 1674 publius]
539 1601 598 1659 PR.
622 1615 664 1660 re.
685 1620 716 1674 p.
740 1604 821 1666 Harl.
845 1613 872 1662 si
896 1605 962 1665 Par.
986 1608 1040 1662 rui.
1061 1623 1091 1678 p.
1118 1605 1190 1666 Van.
1216 1621 1250 1664 ra
1273 1607 1332 1662 Pa.

330 1703 457 1780 illeque]
483 1706 563 1765 llari.
587 1708 616 1762 ei
638 1709 693 1762 rei.

329 1810 388 1885 uli]
412 1813 448 1872 B.
471 1816 500 1868 et
522 1812 587 1872 Psr.
611 1809 646 1870 ut'
665 1813 757 1885 urigo
779 1819 821 1875 ul.

330 1912 380 1989 ue]
405 1915 466 1976 PR.
488 1929 560 1973 aaa.

330 2018 360 2076 5.
384 2015 503 2093 eisdem]
527 2021 562 2077 B.
580 2019 659 2077 Harl.
675 2023 704 2076 et
716 2018 782 2076 Par.
795 2023 827 2075 ut
848 2019 939 2092 vulgo
955 2021 1071 2082 iisdem.
1115 2020 1192 2078 Illud
1216 2023 1282 2078 Vel.
1301 2021 1383 2094 impr.

225 2143 229 2159 ·
328 2119 492 2196 interiecto]
516 2123 582 2180 Par.
607 2126 636 2178 st
658 2123 738 2180 Harl.
763 2125 938 2196 imurupla.

258 2271 260 2280 ,
331 2224 389 2304 Cn]
413 2226 445 2286 P.
469 2230 499 2284 et
516 2228 581 2285 Psr.
607 2227 668 2286 Ga.
682 2204 832 2284 ucru'sius
856 2229 966 2287 Cusus.
991 2231 1028 2285 V.
1044 2241 1142 2301 sauss.
1167 2233 1230 2288 llos
1248 2229 1384 2306 elisium,

266 2331 341 2404 qual
365 2331 402 2388 ad
424 2350 451 2388 s.
473 2347 505 2390 u.
528 2345 555 2389 a.
580 2329 640 2388 661
665 2330 799 2406 pertinet,
823 2332 927 2403 repetit
951 2330 1062 2390 Gellius
1083 2333 1152 2409 XV,
1178 2334 1226 2393 11.

329 2430 536 2506 Aenobarbus]
559 2434 661 2506 Vulgo
685 2432 836 2506 copulae!
853 2434 1014 2512 subiicitur,
1037 2434 1065 2492 in
1088 2437 1144 2495 hau
1165 2437 1301 2510 loquendi
1321 2452 1384 2511 gs-

264 2550 343 2592 neru
356 2535 526 2608 plerumque
550 2536 665 2596 omissa.
701 2539 842 2610 Ignorant
867 2537 952 2596 eiiam
975 2539 1042 2600 Ps'r.
1065 2545 1095 2598 et
1114 2542 1196 2606 llari.
1218 2540 1335 2600 Retinet
1347 2544 1382 2598 B.

264 2641 332 2699 Par.
359 2653 423 2694 sum
447 2639 528 2697 llsrl.
552 2645 581 2697 et
603 2642 677 2710 ven.
701 2643 881 2700 enobarbus.

327 2741 376 2818 la]
401 2744 551 2804 BCrusius
573 2745 699 2805 Lurius.

327 2847 379 2922 its]
411 2849 478 2906 Par.
499 2853 529 2906 ei
561 2850 640 2925 llsrl.
665 2864 730 2905 cum
759 2863 816 2906 uns
839 2835 1009 2926 Ms.'§isiii
1040 2856 1069 2909 st
1091 2853 1167 2911 ven.
1191 2854 1267 2910 ilem.
1304 2851 1383 2910 Illud
1463 2858 1468 2866 “

264 2958 376 3018 Gellius
402 2973 515 3030 quoque
537 2957 565 3014 in
589 2957 690 3015 eodem
714 2958 877 3013 uunlextu..

327 3058 492 3134 edixerunt]
522 3060 568 3118 lis
590 3063 623 3120 li.
653 3075 788 3132 unusque
812 3059 875 3118 uad.
905 3059 991 3118 statii
1020 3075 1084 3144 suus
1108 3060 1191 3134 vulg.
1223 3064 1252 3118 et
1275 3060 1381 3122 Gellio.

261 3166 293 3226 P.
317 3165 397 3224 llsrl.
421 3169 450 3220 st
471 3163 537 3220 Pur.
558 3177 627 3242 'sum
651 3149 725 3223 Vsu.
745 3165 902 3223 uisurum.

248 3284 252 3295 “
325 3265 544 3342 Renuntiatum]
565 3270 610 3326 ltu
623 3268 685 3326 PR.
701 3265 839 3324 'l'rossius
856 3265 1078 3329 renunciatum.
1102 3269 1180 3326 Idem
1193 3270 1224 3328 P.
1239 3270 1381 3342 praemit-

260 3353 301 3430 us
316 3387 386 3449 aas,
410 3372 485 3444 quod
507 3371 537 3428 iu
559 3376 641 3430 texiu
662 3370 781 3430 retinuit
803 3369 959 3445 Pressius3
983 3373 1063 3430 llari.
1088 3378 1116 3430 ei
1136 3374 1201 3434 Par.
1224 3389 1288 3430 uum
1305 3375 1378 3433 ven.

258 3452 306 3534 aa
339 3475 466 3532 Prorsus
495 3474 656 3548 singularis
680 3476 758 3533 illius
781 3474 940 3547 particulas
962 3491 1035 3532 usus
1065 3475 1093 3532 in
1123 3475 1234 3532 decreti
1256 3477 1381 3534 formula

260 3583 353 3636 esset:
383 3577 430 3634 cul
453 3577 522 3634 nihil
547 3580 639 3637 habeo
661 3582 739 3653 quod
762 3596 934 3654 comparem,
961 3598 996 3638 us
1019 3580 1110 3640 simile
1133 3581 1258 3653 quidem.
1305 3583 1380 3652 Quid

261 3699 330 3742 veru
361 3681 389 3739 in
422 3680 480 3740 ists
510 3681 654 3754 seriptum
678 3683 776 3758 latest,
807 3673 853 3739 ¹vsl
876 3684 901 3739 si
924 3684 951 3741 in
981 3685 1049 3743 vitio
1073 3687 1290 3763 masuarinsi,
1322 3703 1380 3758 quo

259 3789 344 3850 mulo
372 3792 437 3848 osis
469 3787 523 3865 sit,
546 3788 582 3846 sb
605 3787 670 3854 silis
693 3788 779 3861 ousiis
802 3789 925 3848 edoceri.
960 3793 995 3847 ln
1017 3797 1141 3850 mentem
1169 3795 1290 3850 venerat
1313 3792 1379 3850 slim

259 3891 399 3964 scriplum
427 3890 523 3950 luisse
555 3894 741 3970 naalialum,
776 3891 1013 3964 quemadmodum
1043 3894 1070 3951 id
1094 3897 1212 3953 verbum
1236 3895 1265 3951 in
1287 3899 1318 3952 S.
1344 3896 1378 3956 C.

259 4013 305 4067 sp.
321 3997 395 4056 Geli.
414 3995 470 4073 1v,
494 3995 513 4054 6
537 3996 637 4054 sudem
653 3997 776 4058 lormula
798 3997 917 4071 legitur,
941 4003 1029 4071 sique
1050 4017 1110 4058 rrae
1131 4017 1168 4059 re
1189 4001 1379 4072 depravatum

259 4115 326 4156 esse
353 4105 479 4160 larissss
509 4117 546 4158 ex
576 4117 677 4178 nuper
707 4101 753 4158 sel
784 4101 839 4158 slis
862 4103 994 4175 quapiam
1019 4119 1101 4160 vose.
1146 4104 1214 4160 Alis
1242 4103 1316 4161 ratio
1342 4105 1378 4162 sb

258 4204 350 4266 auius
372 4207 458 4268 asoto
480 4207 611 4284 inventa,
645 4212 677 4268 ul
704 4205 821 4266 dimissa
843 4207 966 4266 lectione
987 4223 1064 4286 aas,
1087 4224 1127 4266 ae
1149 4210 1258 4280 lautum
1281 4207 1319 4266 sil
1342 4225 1378 4266 ex
