3054 5000
660 407 942 511 -1m-

243 631 248 639 ’
311 623 370 716 M]
393 629 497 689 Omisit
518 627 667 706 Troasiue,
689 628 779 687 inrito
801 629 861 690 PR.
885 627 1152 701 oeteriaqnalibrie.
1175 628 1279 700 Neque
1300 627 1358 684 eli-

178 753 186 762 ·
247 739 292 794 ter
314 739 400 792 antea
421 733 608 808 vulgabatur.
1209 797 1215 806 ,

227 825 231 830 ’
310 829 485 918 ὀιῐτίοῑοἾ
516 835 572 893 llio
593 835 677 894 loona
707 835 894 902 hauddubie
923 838 1078 920 corruptos
1100 837 1155 894 eet.
1187 833 1360 890 Statiani

247 943 353 1024 Catali.
383 957 413 1015 p.
444 939 506 997 255
527 956 580 1011 pro
610 941 772 998 ematitioae
799 939 918 1012 legebat
949 938 1083 995 cmtriaac
1109 937 1157 993 val
1188 938 1359 998 amidanae.

229 1047 398 1113 ⁴ltlnretna:
417 1045 490 1118 pori
501 1045 658 1102 ocultmlm
671 1044 840 1101 amicitiam
851 1044 955 1100 Marci
969 1039 1098 1099 Antonii
1118 1041 1273 1098 triumviri
1292 1045 1360 1098 ate·

229 1120 425 1204 'timcoiii-
457 1144 581 1201 seilicet·
597 1145 674 1216 quon
703 1144 826 1202 bibendo
848 1144 1006 1202 retudisset
1028 1145 1146 1201 oculos:
1169 1159 1263 1214 eaque
1284 1157 1360 1200 oon·

236 1251 357 1324 ¹iectura
379 1248 463 1305 valde
484 1248 622 1320 probator
644 1246 737 1304 doctis
760 1246 930 1318 quibusdam
953 1245 1030 1302 viris.
1063 1245 1121 1302 Sed
1145 1245 1227 1302 nirnia
1246 1261 1268 1330 a
1288 1245 1360 1302 voi·

245 1351 317 1426 g'ata
346 1349 470 1408 lectione
501 1350 640 1407 recedere
667 1349 798 1408 videtur:
831 1355 1043 1424 praeterquam,
1072 1351 1148 1423 qnod
1178 1365 1236 1408 non
1265 1349 1360 1424 rideo,

245 1447 335 1528 quare
363 1455 436 1527 pori
467 1455 627 1512 cariorem
655 1452 768 1525 dixerit,
798 1455 829 1509 et
858 1467 914 1509 non
945 1453 1043 1510 acolio
1070 1443 1244 1524 simpliciter.
1267 1451 1359 1513 liliN.

244 1556 412 1616 Existimari
433 1557 489 1614 hoc
512 1556 673 1628 nonlicet,
703 1559 841 1613 contextu
864 1553 1021 1627 deperdito.
1056 1555 1166 1611 Vernm
1187 1554 1361 1626 probabilior

188 1683 192 1690 ’
245 1666 291 1721 est
314 1661 455 1720 correctio
477 1660 576 1735 Statii,
599 1660 720 1732 probata
742 1663 772 1717 et
794 1659 860 1717 aliie
882 1663 912 1716 et
934 1657 1132 1716 Valckenario
1154 1658 1190 1714 ad
1212 1660 1359 1733 Fragmm.

245 1765 415 1824 Callimachi
443 1781 470 1838 p.
503 1764 573 1826 120.
607 1765 642 1821 ln
669 1761 749 1820 libris
771 1762 874 1835 partim
904 1767 967 1820 erat
989 1763 1134 1820 catricte.
1162 1762 1359 1823 Willllilvs.

245 1869 278 1927 B.
303 1869 464 1926 eoeirictce.
489 1869 520 1927 Ρ.
550 1868 699 1945 contricio,
721 1870 755 1923 nt
775 1865 861 1923 Statii
887 1865 967 1939 iibri3
982 1897 985 1904 .
998 1865 1066 1924 boo.
1083 1863 1196 1924 interim
1218 1866 1360 1939 expressi,

200 2043 212 2057 ,
246 1970 360 2028 adiecto
382 1969 444 2026 vitii
466 1968 569 2032 indice.
604 1968 807 2041 Suscepieaem
830 1984 894 2025 com
919 1966 1025 2027 Cronia
1047 1970 1195 2048 coitione,
1219 1968 1274 2025 nisi
1297 1985 1360 2028 eec-

245 2075 371 2154 otitiaac,
394 2073 471 2147 qnod
494 2076 612 2130 tuentur
634 2087 700 2130 cnm
721 2074 797 2130 Ven.
824 2076 888 2133 Par.
913 2078 942 2130 et
975 2073 1073 2146 llari,
1098 2074 1174 2131 aliod
1197 2075 1290 2151 latere
1311 2075 1360 2131 in-

246 2177 366 2253 dicaret,
389 2175 479 2234 velnti
501 2176 706 2236 contionariae.
737 2173 861 2232 Cuietno
883 2175 957 2232 ocni.
977 2178 1156 2248 perdidieae.

312 2282 343 2342 2.
364 2278 516 2355 Eiusdem]
541 2279 664 2338 Caietae
686 2278 760 2339 coni.
786 2279 821 2336 ia
841 2279 987 2341 mandem.

313 2382 381 2459 imo]
407 2385 508 2458 Vulgo
530 2384 633 2460 immo,
655 2385 689 2439 nt
711 2381 786 2440 Ven.

223 2473 633 2563 'ffimfflmst

315 2586 430 2662 obiicit]
462 2587 600 2660 Sequitur
632 2589 697 2649 Par.
722 2592 751 2646 ot
782 2590 862 2649 ilari.
885 2590 992 2646 lacuna
1019 2590 1086 2646 noio
1109 2591 1171 2646 iere
1193 2589 1361 2648 litterarum.

239 2684 296 2746 'An
319 2693 395 2748 forte
418 2691 586 2748 exciderunt
609 2707 684 2763 qnae
706 2691 782 2764 apud
804 2691 973 2750 Ciceronem
994 2691 1136 2766 leguntur
1156 2693 1200 2752 Et
1218 2689 1314 2752 cerci

314 2785 460 2874 adhibes]
494 2795 527 2851 P.
551 2795 606 2852 titi
635 2796 676 2871 ct,
704 2798 805 2864 aperto
833 2795 920 2869 vitio,
942 2794 1019 2867 quod
1050 2795 1241 2868 cognoscitur
1269 2811 1306 2852 ex
1326 2795 1360 2853 Β.

238 2883 774 2958 'wmmawmm

315 2998 435 3077 caussa]
460 3002 526 3058 Par.
551 3016 665 3078 cocao,
689 3005 723 3057 nt
747 3001 823 3057 Vea.

315 3096 528 3185 compotorum]
563 3107 595 3165 Ρ.
628 3102 709 3164 Harl.
738 3104 805 3160 Par.
835 3109 865 3160 et
895 3105 970 3166 Mes.
1003 3104 1102 3162 Voaeii
1133 3107 1364 3178 competitorum

250 3210 332 3264 recte
354 3207 517 3265 damnatum
537 3207 558 3263 'a
580 3207 697 3265 Mureto
718 3205 737 3262 l.
760 3221 786 3266 c.
816 3206 863 3262 Aa
885 3206 941 3262 init
963 3205 1227 3281 compotatorumi
1253 3207 1312 3264 Sed
1333 3208 1363 3263 V

251 3309 373 3382 Philipp.
398 3309 417 3367 8
440 3312 595 3367 recurrant
617 3311 816 3387 compotores,
840 3306 903 3366 aine
924 3309 1057 3369 lectionis
1079 3309 1227 3386 verietate.

318 3408 379 3489 oni]
401 3412 543 3470 omittunt
565 3412 644 3474 ilari.
668 3413 700 3472 Ρ.
723 3417 753 3468 et
775 3413 859 3489 Per,
888 3417 987 3488 recto,
1021 3430 1108 3486 quam
1131 3415 1221 3472 semel
1240 3413 1365 3471 adiubet

253 3516 438 3574 obscuratum
460 3520 548 3577 esset.

316 3617 346 3675 in
368 3632 453 3689 quem
475 3617 580 3692 veliet]
603 3619 718 3677 Tullius
740 3621 775 3678 ia
798 3623 829 3676 tc
850 3635 930 3694 otene
951 3621 1047 3698 cettei.

318 3713 442 3802 salsum]
466 3719 538 3783 Par(
556 3726 585 3779 et
608 3722 687 3784 Harl.
711 3737 776 3779 cnm
800 3723 874 3782 ven.
894 3722 1018 3794 flatrum.

317 3826 348 3883 in
369 3818 413 3907 te]
437 3826 553 3884 Abeant
576 3843 593 3884 a
615 3829 647 3888 Ρ.
670 3828 737 3889 Par.
761 3826 845 3892 ilari.
873 3832 902 3884 et
923 3827 958 3891 Β.
980 3843 1056 3901 quae
1084 3828 1189 3887 abesse
1211 3843 1268 3886 noa
1291 3844 1364 3901 poa-

254 3935 332 4006 anm,
353 3929 534 3988 librariorum
556 3945 664 4004 errore,
688 3947 744 3990 aon
767 3930 898 3990 Suetonii
921 3931 1113 4006 negligentia.
1222 3940 1227 3946 ·

320 4027 431 4116 dicere]
454 4034 547 4092 Dicto
570 4033 661 4110 [quod
683 4035 775 4110 volgo
797 4035 988 4107 praemittitur
1016 4039 1104 4108 atque
1132 4051 1208 4094 nono
1230 4035 1315 4093 etiam
1337 4037 1365 4093 in

256 4134 398 4194 Cicerone
427 4138 494 4195 addi
516 4138 604 4214 solet]
627 4139 710 4197 abest
741 4158 760 4196 a
781 4139 874 4200 Paria.
898 4146 927 4197 et
949 4139 1096 4212 plerisque
1118 4139 1199 4217 aliis,
1228 4143 1296 4198 item
1318 4155 1363 4212 ao.

126 4239 154 4250 ““
256 4239 425 4300 Ciceronem
453 4242 559 4318 volgo;
595 4242 743 4320 voluitque
772 4244 877 4302 abesae
906 4243 991 4302 etiam
1020 4243 1177 4320 Sabatina,
1207 4243 1254 4300 vei
1284 4244 1366 4302 dicte
1480 4234 1485 4241 ’
