3038 5032
530 397 821 462 &ivn-

308 563 443 639 Codices
463 561 571 630 adim
591 583 674 646 nou,
698 562 760 650 ,uel
778 561 882 628 obiter
904 562 1047 658 adhibiti.

444 743 447 750 ·
552 701 803 770 Laurentianus.

191 825 291 906 'leste
314 823 474 892 bandinio
497 822 566 888 Cat.
590 821 670 889 Cod.
693 823 771 889 bibl.
794 823 946 890 Laurent.
969 821 1005 890 Τ.
1029 823 1080 892 111.
1109 845 1140 910 p.
1163 825 1240 892 3553

7 1001 9 1008 ¹
125 938 258 1029 praeter
286 925 377 998 Vitas
407 925 553 991 Suetonii
585 927 811 1012 complectitur
843 927 960 994 librum
989 928 1029 994 de
1060 928 1242 1024 illustribus

123 1031 356 1116 grammaticis,
389 1032 451 1095 inc.
474 1029 703 1096 Grammatico
726 1029 802 1094 olim
825 1031 1017 1098 Romaene
1039 1033 1072 1097 iu
1093 1053 1152 1098 usu
1175 1035 1243 1120 qui-
1313 1069 1320 1076 ·

128 1131 210 1226 dcta,
226 1133 343 1200 desinit
362 1131 593 1219 imperfecte
578 1133 689 1198 mvita
705 1117 869 1216 Crassitii,
894 1135 970 1199 etin
986 1134 1111 1201 serbis:
1144 1135 1245 1220 Orus,
1346 1165 1350 1172 ·

128 1238 217 1304 silius
236 1257 355 1326 pectere
383 1236 586 1314 Tarentinus,
621 1235 743 1302 ordinis
765 1181 915 1319 libertini,
937 1241 1127 1328 coquomirrc
1150 1228 1243 1308 Posi·

125 1327 208 1423 cles,
236 1361 315 1406 mcc
337 1339 484 1408 Persam
504 1360 538 1404 se
560 1341 808 1428 eopaomioocit.
788 1330 937 1405 tHic
928 1342 1018 1406 mitio
1042 1390 1242 1410 .......
1281 1425 1285 1433 ¹

127 1441 208 1509 eod.
231 1444 365 1509 membr.
388 1442 482 1511 Msss
473 1463 505 1507 m
527 1444 559 1513 4
575 1441 669 1508 Sace.
685 1439 747 1526 XV
770 1441 991 1529 nitidissimus,
1014 1422 1246 1532 cumpletum

126 1548 160 1610 in
181 1546 340 1632 principio
367 1543 533 1632 vitarum,
556 1555 726 1610 stemmate
748 1547 972 1630 possessoris,
1004 1559 1035 1612 et
1064 1548 1241 1634 initialibus

128 1649 297 1713 Librorum
332 1649 500 1737 eleganter
526 1647 712 1714 illuminatis
743 1647 944 1734 Graecisque
975 1650 1084 1724 verbis
1116 1653 1245 1720 rubrica

128 1749 298 1836 suppletis,
322 1751 497 1838 antiquitus
520 1773 604 1817 num
629 1751 695 1816 414
717 1761 858 1818 notatus
902 1752 1039 1820 Constat
1061 1755 1147 1842 foliis
1171 1756 1251 1846 424.

128 1853 163 1918 lu
186 1874 252 1942 quo
274 1855 389 1920 codice
419 1854 513 1918 valde
541 1855 605 1922 hoo
627 1853 847 1939 memorabile,
879 1855 964 1942 quod
992 1837 1109 1926 librum
1139 1837 1180 1924 de
1201 1859 1244 1927 ill
1268 1899 1272 1906 -

129 1979 177 2046 gr
208 1959 369 2044 integrum
397 1977 461 2021 non
485 1968 639 2043 praestat,
668 1958 755 2024 unde
785 1968 891 2026 tamen
921 1981 986 2026 non
1019 1974 1069 2027 est
1101 1963 1221 2050 quod
1212 1987 1244 2034 ιιι

129 2057 281 2126 familiam
305 2061 466 2126 diversam
489 2061 530 2125 ab
554 2082 612 2145 ea,
636 2081 764 2148 exque
787 2063 887 2134 ceteri
910 2065 1146 2151 profluxerunt,
1171 2087 1247 2133 con·

130 2157 253 2232 eludas.
289 2165 408 2232 Multae
430 2167 513 2233 enim
537 2167 655 2233 adsunt
677 2167 831 2249 rationes,
855 2166 973 2260 quibus
997 2168 1144 2260 defectus
1157 2157 1253 2273 ope·¹

131 2270 177 2336 ris
196 2268 353 2355 explicari
366 2261 480 2358 possit
517 2269 633 2340 Donec
647 2272 745 2357 igitur
764 2289 806 2334 ex
828 2270 953 2336 codicis
976 2251 1150 2358 collatioue
1170 2292 1248 2343 con·

130 2375 262 2440 trarium
284 2375 484 2460 probetur,
474 2397 506 2440 m
529 2376 688 2440 sententia
711 2373 879 2460 proposita
896 2375 1047 2466 standum
1070 2378 1139 2443 erit

260 2577 265 2584 Ι
615 2490 772 2562 Vaticani.

198 2613 238 2685 V.
262 2614 357 2682 uobis
381 2599 471 2688 dieta
490 2613 532 2684 de
554 2615 635 2683 Acb.
658 2611 754 2708 Statii
775 2615 876 2682 libris.

311 2756 313 2762 ·
562 2737 820 2824 Neapolitanos,
882 2791 887 2800 .

131 2859 211 2928 olim
225 2861 452 2942 Farnesianus,
476 2879 542 2945 quo
563 2860 694 2924 nomine
715 2859 898 2945 etiamnunc
911 2875 937 2922 a
961 2858 1046 2923 uiris·
1057 2859 1177 2924 eritius
1195 2863 1251 2946 aps

131 2961 248 3049 pellaei
270 2963 364 3047 solet,
388 2982 519 3049 quoque
540 2965 613 3047 ipse
635 2959 814 3056 appellavi,
830 2981 917 3028 nune
934 2959 1118 3048 Neapolim
1134 2957 1251 3030 Museo

131 3063 322 3131 Studiorum
338 3069 430 3152 regio
445 3077 652 3150 asservatus,
676 3065 716 3130 de
737 3083 803 3151 quo
822 3077 974 3132 accurate
998 3063 1171 3132 lebrellius
1193 3066 1253 3132 Oa·

132 3168 188 3235 tul.
210 3189 243 3254 p.
255 3169 298 3236 89
308 3189 358 3255 sq.
382 3187 479 3254 quem
492 3171 666 3256 exscripsit
688 3168 902 3256 Sohluttigius
918 3169 1019 3254 Saxo,
1040 3174 1133 3238 euius
1150 3163 1252 3236 'verba

132 3291 194 3358 pro
215 3273 319 3357 ipsius
341 3273 533 3357 babuerunt,
555 3275 610 3359 qui
629 3273 776 3338 notitiam
799 3273 923 3338 codicis
943 3295 961 3338 a
979 3272 1175 3360 Subluttigio
1191 3285 1256 3340 tra·

133 3377 234 3442 ditem
262 3376 488 3460 exbibuerunt,-
517 3375 726 3452 Epistula-ius
754 3375 787 3439 iu
809 3371 969 3442 Waltberi
997 3376 1112 3443 'l'aoito
1127 3377 1171 3444 «Τ.
1196 3377 1253 3448 Νι

132 3501 166 3566 p.
188 3477 257 3544 Vll.
280 3499 329 3565 sq.
352 3489 385 3545 et
406 3479 548 3545 Orelilus
571 3480 612 3546 ad
644 3474 721 3545 Tac.
744 3475 780 3542 Τ.
811 3478 842 3545 1.’
858 3499 891 3565 ῃ,
919 3477 990 3546 XV.
1036 3479 1086 3544 De
1110 3479 1175 3566 quo
1200 3499 1255 3548 eo·

134 3584 208 3648 dice
231 3601 314 3668 quae
336 3584 414 3649 sciri
436 3595 575 3668 possunt
608 3602 708 3670 quum
738 3601 780 3648 ex
801 3582 891 3648 libris
915 3583 1054 3649 laudetis
1081 3576 1175 3650 facile
1193 3581 1255 3670 ‘pe-

133 3697 264 3770 tantur,
295 3687 443 3771 qrramvis
474 3707 513 3751 ea
543 3705 627 3772 quae
649 3696 762 3751 nostra
783 3687 919 3752 interest
941 3687 1038 3770 scire,
1072 3688 1191 3768 frustra
1212 3689 1258 3752 ibi

135 3790 327 3876 quaesieris,
351 3808 392 3854 ex
413 3809 449 3854 re
464 3790 524 3855 erit
547 3799 691 3873 notasse,
715 3800 844 3874 praeter
866 3789 1015 3872 Suetonii
1037 3791 1165 3856 libellos
1187 3811 1254 3857 ιιοιι

135 3891 244 3966 solum
266 3890 369 3958 Taciti
391 3891 607 3958 Historiarum
629 3903 764 3977 partem,
787 3893 822 3958 id
845 3893 934 3978 quod
955 3894 997 3960 ad
1021 3915 1089 3966 rem
1110 3904 1255 3960 nostram

136 3996 256 4062 auibus
286 4007 337 4062 est
358 3997 530 4074 momenti,
560 3996 621 4060 sed
644 3995 791 4061 eiusdem
813 3995 984 4082 Dialogum
1007 3997 1048 4062 de
1071 3995 1256 4063 oratoribus

137 4110 171 4164 et
194 4096 235 4165 de
251 4100 376 4186 origine
391 4110 425 4164 et
437 4101 503 4164 situ
518 4097 708 4165 Germaniae
720 4100 785 4177 (sic
800 4097 882 4164 liber
895 4099 1098 4175 inscribitur)
1112 4100 1257 4168 libellum

77 4223 83 4236 ·
138 4221 179 4270 eo
204 4204 370 4270 contineri.
411 4201 657 4269 Aouuretiorem
684 4221 770 4298 nuno
800 4201 889 4268 dedit
911 4203 1056 4271 notitiam
1079 4200 1258 4298 blassman·

1012 4321 1050 4376 ii
