3054 5000
716 367 1039 446 -dd—.

289 561 368 618 eliud
390 579 547 634 reponere:
569 570 602 623 ot
622 565 782 646 Burrieni,
803 565 962 647 nonar,
981 572 1121 649 Nursini,
1139 572 1271 636 eraa
1296 575 1355 630 sed
1372 579 1399 631 et

288 665 436 726 Bnerarii
456 669 641 726 etflnooieni
660 675 854 728 memorentur
870 670 898 727 in
917 672 1167 745 [ascriptionibus.
1183 676 1359 735 ovnnnb.

355 771 430 847 ipse]
454 774 521 834 Per.
544 779 574 830 et
596 775 675 832 ilerd.
698 777 772 848 ipso

356 874 480 951 Sullani]
504 878 572 938 Per.
594 878 735 952 optionis.
782 881 841 940 PR.
866 881 945 940 Heri.
969 886 998 938 ot
1021 883 1095 940 ven.
1119 885 1246 958 Syllani.

356 977 487 1053 exutum]
511 980 587 1042 Ven.
611 989 714 1040 eante.

356 1083 386 1143 2.
407 1080 451 1156 nt]
476 1081 597 1144 onnon.
619 1085 697 1146 Ven.

355 1183 481 1260 quidem]
506 1188 540 1246 B.
564 1189 695 1260 puidam.

354 1287 455 1363 Sbeo]
480 1291 545 1352 Per.
569 1296 598 1348 et
620 1293 701 1354 fleri
725 1308 789 1351 oum
812 1297 888 1356 Veu.
911 1297 1018 1373 syren.

229 1449 232 1458 Δ
355 1394 449 1471 nolus]
473 1395 547 1458 ritu.
569 1399 658 1460 eoos.

356 1499 438 1576 tnoit]
473 1500 609 1558 Heinsius
639 1503 713 1563 ooui.
742 1507 837 1583 rapit,
867 1508 1014 1564 rettrtotus
1044 1525 1061 1564 e
1090 1509 1200 1565 Woltio
1223 1514 1253 1566 et
1275 1529 1293 1567 n
1316 1511 1406 1568 Wei-
1501 1519 1502 1526 ’

292 1605 393 1664 oberto
414 1608 496 1667 Poet.
519 1607 583 1664 lat.
606 1622 633 1678 p.
657 1606 731 1666 359.

355 1708 400 1784 ls]
424 1709 566 1782 ignorent
588 1711 621 1772 Β.
641 1711 725 1780 flori,
749 1716 778 1769 et
800 1712 867 1770 Per.
891 1726 956 1768 oum
988 1713 1065 1769 Ven.
1090 1715 1119 1768 et
1148 1712 1246 1787 vulg.;
1269 1713 1407 1772 exhibent

291 1815 387 1869 autern
409 1785 584 1889 inscripsit,
608 1814 686 1885 qnod
707 1831 744 1870 ex
766 1814 816 1872 illo
839 1819 1006 1888 corruptum
1029 1820 1084 1876 est.
1117 1818 1150 1876 B.
1181 1818 1300 1890 insuper
1328 1819 1408 1876 oddit

292 1923 328 1976 et.
359 1916 595 1989 Oudendorpios:
640 1918 705 1992 „sio
741 1919 877 1994 [oertpos't
912 1919 999 1995 uude]
1035 1921 1150 1978 edidere
1179 1924 1217 1982 R.
1252 1924 1355 1995 steph.
1379 1932 1409 1980 et

291 2033 372 2090 seqq.
405 2019 457 2076 sed
487 2021 561 2080 Mes.
585 2026 614 2078 et
643 2023 716 2084 lidd.
740 2025 821 2082 vett.
850 2026 1011 2097 inscripsit.
1052 2020 1134 2082 Unde
1157 2025 1232 2085 Aob.
1255 2029 1332 2086 Stet.
1355 2029 1407 2084 to-

292 2127 387 2186 oiebot
407 2131 487 2190 idem
507 2132 631 2202 oeriprit
650 2130 698 2188 vel
720 2133 909 2208 inanipen,
932 2130 1009 2202 qnod
1030 2128 1156 2203 piooet.“

356 2232 526 2309 probentur]
551 2235 630 2295 Harl.
654 2251 719 2292 oum
742 2238 817 2295 veo.
841 2236 917 2293 hond
940 2235 1023 2308 peius
1042 2238 1258 2309 probabantur.
1303 2251 1310 2262 ¹

358 2338 481 2414 Lydiae]
505 2342 573 2399 Por.-
594 2345 624 2397 et
646 2340 727 2399 Harl.
750 2341 877 2420 lippiae,v
898 2339 950 2398 sed
972 2342 1059 2396 entee
1081 2339 1109 2396 in
1132 2339 1182 2398 illo
1204 2339 1311 2416 Lydia.

357 2442 472 2518 Tioidn]
496 2444 569 2502 Ven.
593 2445 691 2505 livida.

293 2541 311 2576 ³
358 2543 464 2619 cinno]
489 2547 553 2603 Per.
577 2551 606 2602 et
628 2546 707 2606 flori.
731 2547 847 2623 Cpnnn.
883 2548 958 2607 Ven.
983 2549 1067 2608 cina.

358 2646 499 2723 Seeoulo]
523 2649 583 2708 PR.
607 2654 637 2706 et
658 2649 740 2710 Hori.
762 2652 878 2712 orento.
955 2719 960 2726 .

361 2752 509 2830 Diotinoo]
535 2754 635 2828 Volgo
647 2755 758 2813 Diana
789 2758 855 2816 Per.
879 2761 909 2814 et
925 2758 1002 2816 Ven.
1014 2757 1146 2818 Dietina.
1168 2755 1249 2815 Harl.
1267 2756 1410 2832 Dionea.

293 2862 380 2937 Miro,
415 2861 468 2920 sed
489 2860 568 2920 troili
589 2861 627 2919 ed
649 2859 850 2933 explionndnm
880 2877 978 2918 errore
1006 2863 1040 2921 B.
1063 2865 1207 2922 donnino.
1231 2860 1411 2918 Oudendor-

293 2967 374 3040 pius:
405 2966 461 3044 „ln
489 2968 553 3026 eliis
584 2969 751 3047 Dictynnae
785 2967 869 3039 qussi
898 2966 991 3024 Oinoe
1012 2966 1162 3023 laudasset
1191 2963 1312 3022 Catonis
1334 2979 1411 3034 opus

294 3073 408 3146 poetioo
430 3072 534 3150 rengis,
558 3089 643 3146 qoem
665 3072 781 3146 proprio
804 3073 936 3130 nomine:
968 3088 1033 3133 oum
1055 3071 1103 3127 vel
1125 3070 1169 3128 sio
1191 3068 1263 3126 sotis
1286 3071 1410 3142 peteret,

293 3177 395 3250 ipsum.
418 3177 496 3250 loqui
519 3178 555 3236 de
581 3178 656 3236 libro
678 3179 781 3237 mana
809 3178 961 3263 insoripto.
1003 3178 1063 3236 Sed
1090 3176 1156 3234 vide
1184 3175 1410 3238 Bormonoum.“

294 3284 394 3344 Peter.
419 3285 483 3344 ood.
503 3286 665 3364 Diopnna.

358 3391 389 3449 4.
413 3392 584 3468 extremum]
609 3391 778 3452 (dominetur
800 3393 829 3448 in
851 3392 917 3449 Per.
942 3393 971 3447 et
994 3389 1075 3448 Heri.

358 3496 481 3572 sommo]
503 3498 564 3555 PR.
587 3490 685 3557 suffia.
721 3498 794 3557 ven.
817 3509 973 3555 ennmwnr.

359 3596 511 3673 pauperie]
535 3598 596 3658 PR
617 3590 774 3672 papperii.
808 3600 882 3657 Ven.
903 3601 1090 3671 pauperiem.

359 3701 464 3778 poene]
481 3702 542 3765 PR.
556 3707 585 3761 et
597 3702 678 3762 Hert.
692 3718 789 3776 pene,·
807 3702 947 3760 'l'rossins
961 3701 990 3760 io
1004 3704 1068 3762 aod.
1077 3719 1178 3777 paene
1190 3703 1260 3762 terri
1273 3705 1411 3766 affirmet.

358 3811 465 3889 inopie]
491 3814 522 3871 P.
546 3816 576 3868 et
598 3812 632 3869 B.
657 3823 722 3866 oum
746 3808 820 3870 Veo.
844 3811 986 3883 inopiam.

359 3916 484 3994 modion]
509 3919 574 3976 Por.
598 3919 628 3972 et
649 3915 730 3974 lieri.
753 3916 878 3974 nordico.

360 4036 533 4113 gurgustio]
548 4037 608 4096 PR.
626 4009 794 4112 stipenda,
819 4040 848 4093 et
865 4033 897 4092 in
920 4035 1052 4109 margine
1074 4053 1091 4092 n
1113 4052 1150 4098 ro.
1173 4050 1232 4096 reo.
1257 4031 1399 4126 Propi-'ib

359 4141 474 4218 euotor]
500 4143 560 4200 PR.
583 4148 677 4200 antor.
710 4185 713 4190 .
1256 4123 1371 4181 ⁰⁰¹⁰‘W
1403 4121 1410 4136 ’

360 4245 504 4321 depiotes]
527 4246 658 4304 Melebot
679 4244 791 4303 Statius
807 4252 838 4303 et
848 4247 952 4320 pintae.
984 4243 1060 4301 lllnd
1074 4244 1174 4303 eodem
1188 4256 1309 4316 prorsus
1324 4241 1410 4300 modo
