3038 5032
711 375 967 452 ...24-

280 585 357 638 oum
384 567 417 639 in
445 563 506 640 lile
533 563 677 663 quadam
705 567 944 642 centumvirali
970 565 1196 658 adversario,
1230 547 1396 665 querunt

177 732 182 740 -
280 687 414 788 impium
431 711 518 786 erga
536 695 702 788 parentes
724 688 935 781 incessebat,
960 686 1191 764 iusiurandum
1213 695 1312 787 quasi
1331 715 1396 793 per
1501 735 1502 750 ι

279 805 424 906 liguram
450 811 503 884 sic
534 808 736 911 optulisset:
777 811 877 901 „Iura
904 833 967 912 per
991 811 1099 910 patris
1126 812 1312 908 rnalrisqne
1339 816 1395 886 ci·

280 951 408 1018 neres,
441 932 498 1026 qni
525 929 691 1006 inconditi
722 935 874 1024 incent“,
901 941 937 1006 et
962 930 1031 1005 alia
1061 934 1094 1004 in
1124 928 1217 1005 bunc
1238 930 1396 1006 modumr

280 1047 468 1149 arripiente
495 1073 541 1125 eo
567 1049 812 1142 conditionem,
840 1075 907 1128 nec
929 1050 1099 1126 iudicibus
1119 1051 1397 1151 asper-nannius,
1502 1084 1503 1088 ¹

229 1173 260 1240 o.
284 1193 352 1245 non
379 1171 456 1244 sine
482 1191 608 1268 magna
633 1174 685 1244 sni
714 1171 845 1246 invidia
867 1176 1044 1271 negotium
1068 1170 1202 1246 afflixit.
1239 1172 1284 1244 Et
1314 1197 1395 1246 rur-

281 1313 343 1364 sus
377 1293 410 1366 in
447 1292 649 1390 cognitione
681 1290 803 1366 caedis
827 1291 1015 1368 Mediolani
1042 1292 1135 1394 apud
1166 1293 1201 1366 L.
1234 1293 1397 1368 Pisonem

181 1397 193 1404 ¹
282 1411 527 1513 proconsulem
559 1410 756 1488 defendens
784 1435 899 1502 reum,
940 1432 1017 1488 cnm
1054 1411 1241 1488 cohibente
1268 1412 1397 1490 lictore

208 1525 209 1533 '
282 1536 401 1608 nirrrias
427 1531 647 1610 laudantium.
664 1557 778 1610 voces
812 1537 860 1608 ita
890 1532 1165 1622 excanduisset,
1202 1545 1238 1607 ut
1265 1533 1397 1634 deplo-
1503 1525 1504 1538 ¹

282 1663 357 1730 rato
384 1653 504 1729 ltaliae
530 1661 642 1746 statu,
683 1660 781 1754 qnasi
810 1661 933 1732 iterum
964 1659 996 1728 in
1026 1655 1166 1730 formam
1191 1657 1398 1754 provinciae

283 1773 520 1872 redigeretur,
546 1776 589 1850 bl.
616 1781 758 1878 insuper
784 1779 946 1867 Brutum,
979 1781 1079 1852 cuins
1104 1785 1218 1850 statua
1242 1778 1275 1848 in
1305 1798 1396 1850 con-
1504 1785 1505 1794 ’

283 1904 409 1996 spectu
436 1905 531 1988 erat,
571 1900 773 1990 invocaret,
810 1899 925 1998 legum
949 1923 992 1974 ac
1023 1897 1193 1972 libertatis
1218 1907 1397 1972 auctorem
1503 1963 1505 1982 ,

231 2023 263 2092 7.
284 2027 319 2093 et
362 2016 553 2110 vindicem,
584 2041 698 2119 paene
736 2043 871 2121 poenas
904 2020 975 2095 luit.
1028 2021 1096 2092 lam
1128 2026 1243 2094 autem
1279 2021 1400 2094 senior

205 2129 209 2142 ’
283 2142 328 2218 ob
368 2143 486 2216 vitium
525 2143 686 2217 vomicae
727 2117 913 2217 Novariam
953 2139 1078 2216 rediit:
1127 2145 1398 2238 convocataque

283 2264 406 2367 plebe,
442 2266 579 2340 caussis
611 2273 759 2366 quopter
786 2289 873 2362 quas
908 2265 991 2338 mori
1019 2260 1233 2338 destinasset
1269 2258 1329 2334 diu
1354 2283 1399 2336 ac

284 2407 381 2462 more
405 2389 646 2462 concionantis
673 2385 829 2477 redditis,
855 2385 1016 2462 abstinuit
1042 2383 1132 2460 cibo.
