3038 5032
541 415 796 490 ..11-

104 605 366 684 transferre
406 601 611 708 respondit:
653 603 747 703 quod
786 604 930 678 hlurena
968 601 1107 701 gibber.
1131 606 1219 680 erut.

103 735 202 809 Vixit
227 753 338 832 prope
372 729 414 803 ad
442 733 667 806 centesimum
694 733 819 804 aetatis
838 753 980 822 arturum,
1009 731 1136 803 anrissa
1156 733 1219 804 iam
1241 740 1271 804 6.

102 853 239 957 pridem
266 853 500 944 memoriani
526 873 654 927 versus
680 848 834 926 Bibaculi
861 850 988 944 docet,

210 976 359 1053 Orbilius
386 976 518 1050 ubinam
548 982 621 1066 est,
648 974 820 1050 literarum
849 971 1013 1051 Oblivio?

103 1101 228 1178 Statua
256 1100 332 1172 eius
357 1097 550 1178 Beneventi
578 1095 773 1171 ostenditur
799 1099 832 1169 in
868 1095 1039 1197 Capitolio
1061 1096 1105 1171 ad
1131 1098 1219 1171 sini-
1240 1101 1270 1166 7.

103 1231 214 1296 strum
241 1219 333 1294 latus
359 1243 566 1311 nrarmorea,
594 1217 709 1311 babitu
736 1217 894 1294 sedentis
921 1241 964 1291 ac
986 1217 1128 1318 palliati,
1154 1243 1220 1319 ap-

101 1345 231 1446 positis
257 1341 393 1418 dnobus
422 1343 572 1416 scriniis.
611 1340 763 1439 Reliquit
786 1341 891 1415 lilium
919 1340 1144 1433 Orbilium,
1185 1348 1220 1415 et
1333 1367 1376 1390 ·,

100 1469 217 1566 ipsum
242 1466 496 1561 grammaticum
523 1463 770 1564 professorem.

181 1587 224 1659 Χ
250 1587 432 1660 Atteius
461 1580 805 1681 Philologus,
840 1581 1042 1674 libertinus,
1069 1580 1218 1658 Athenis
1242 1583 1272 1651 t·

101 1713 160 1781 est
189 1714 300 1779 natus.
340 1707 439 1780 Hunc
467 1706 588 1807 Capito
610 1706 768 1797 Atteius,
803 1713 906 1780 notus
941 1704 1220 1799 iurisconsultus,

100 1830 197 1904 inter
227 1830 471 1926 grammaticos
507 1823 698 1918 rhetorem,
733 1830 823 1903 inter
855 1823 1017 1903 rhetores
1045 1849 1219 1926 gramma-

102 1953 212 2024 ticum
249 1948 357 2024 fuisse
381 1951 438 2022 ait.
489 1947 545 2022 De
582 1945 706 2023 eodem
738 1949 881 2022 Asinius
907 1946 1020 2024 Pollio
1047 1950 1080 2021 in
1115 1947 1216 2041 libro,
1241 1965 1272 2030 2.

100 2097 172 2170 quo
202 2069 344 2148 Sallusti
380 2071 509 2170 scripta
537 2067 779 2170 reprehendit,
821 2077 858 2144 ut
892 2072 992 2143 ninha
1024 2072 1216 2172 priscorum

99 2193 293 2270 verborum
319 2191 543 2270 affectatione
569 2190 688 2284 oblite,
716 2194 762 2264 ita
788 2189 911 2266 tradita
956 2193 1015 2284 „ln
1043 2213 1119 2266 eam
1146 2215 1218 2268 rem

100 2315 310 2394 adiutorium
337 2315 369 2387 ei
405 2311 490 2388 lecit-
515 2314 663 2388 maxime
689 2310 824 2410 quidam
851 2313 975 2386 Ateius
1009 2315 1217 2388 Praetexta-

101 2447 169 2530 tus,
201 2433 326 2512 nobilis
353 2434 776 2534 grammaticusuatinns,
804 2431 1067 2510 declamantium
1088 2432 1218 2510 deinde

101 2557 243 2634 auditor
275 2565 379 2656 atque
406 2562 634 2659 praeceptor,
670 2553 715 2629 ad
748 2578 910 2630 summam
942 2553 1219 2655 Philologus

101 2682 143 2757 ab
159 2689 279 2756 semet
295 2682 520 2754 nominatus.“
554 2680 635 2778 lpse
651 2675 696 2752 ad
715 2678 865 2753 Laelium
888 2679 1045 2754 Hermam
1067 2680 1219 2780 scripsit,
1241 2685 1271 2750 3.

102 2827 141 2880 se
169 2807 206 2876 in
235 2802 381 2876 Graecis
407 2800 518 2875 literis
553 2821 714 2898 magnum
750 2823 954 2901 processum
989 2798 1141 2892 babere,
1181 2810 1220 2876 et

102 2929 134 3000 in
170 2926 305 3000 Latinis
342 2921 568 2998 nonnullum:
608 2920 750 2996 audisse
781 2923 967 2996 Antonium
1003 2918 1219 3024 Gniphonem

104 3051 253 3146 eiusque
284 3046 460 3136 Hermam,
495 3049 622 3144 postea
655 3043 833 3120 docuisse.
882 3045 1114 3146 Praecepisse
1151 3069 1217 3120 au·
1242 3059 1274 3125 4.

104 3177 172 3245 tem
199 3165 317 3242 multis
345 3172 380 3240 et
405 3165 510 3240 elaris
537 3164 741 3240 iuvenibus:
773 3168 808 3239 in
840 3169 916 3264 quis
937 3167 1052 3268 Appio
1080 3188 1219 3266 quoqne

106 3299 139 3367 et
162 3289 296 3366 Pulcro
324 3285 479 3364 Claudiis
505 3285 687 3378 tratribus,
727 3311 869 3384 quorum
900 3293 1001 3362 etiam
1029 3309 1150 3364 comcs
1185 3289 1219 3364 in

106 3412 292 3515 provincia
319 3407 429 3484 fuerit.
482 3412 508 3484 P
524 3406 759 3508 hilologi
786 3408 1055 3511 appellationem
1082 3434 1219 3486 assum·
1243 3430 1272 3494 5.

106 3539 222 3637 psisse
241 3529 391 3622 videtur,
418 3533 497 3628 quia
515 3533 606 3605 siout
624 3529 894 3623 Eratosthenes,
923 3533 980 3629 qni
1000 3534 1129 3636 primns
1152 3529 1222 3610 hoc

107 3678 306 3757 cognomen
334 3652 398 3726 sibi
423 3651 624 3745 vindicavit,
656 3651 834 3754 multiplici
863 3655 1029 3753 variaque
1065 3651 1224 3732 doctrina

108 3775 339 3854 censebatur:
367 3771 460 3874 quod
488 3797 574 3848 saue
602 3798 648 3850 ex
676 3776 930 3850 commentariis
965 3777 1042 3852 eius
1067 3786 1223 3881 uppuret,

109 3921 310 4000 quamquam
337 3897 532 3997 paucissimi
560 3903 714 3989 exstent,
741 3894 788 3972 de
812 3921 955 3996 quornm
978 3904 1093 3977 tamen
1120 3905 1225 4005 copia

109 4025 158 4098 sic
179 4019 296 4096 ultera
312 4017 356 4092 od
376 4015 523 4094 eundem
546 4017 702 4093 Hermam
727 4017 878 4120 epistola
899 4022 1093 4122 significata
1121 4025 1222 4125 „lly-

109 4142 164 4219 len
184 4151 341 4219 nostram
376 4138 453 4214 aliis
479 4146 652 4215 memento
680 4142 941 4238 commendare,
979 4169 1078 4244 quam
1112 4149 1223 4222 omnis

108 4267 248 4366 generis
267 4264 461 4370 coegimus,
488 4263 537 4336 uli
559 4263 642 4362 scis,
665 4265 889 4372 octingentos
911 4269 945 4344 iu
966 4265 1109 4346 libron“
1147 4267 1219 4347 Go-
1238 4281 1270 4344 6.
