3054 5000
554 405 834 498 ...103-

10 599 11 632 ⁴
131 621 305 695 wordum,
327 620 374 678 vcl
397 603 649 697 nonnumquam,
672 633 690 674 a
712 615 850 674 Suetonio
873 615 936 689 ipso
960 618 1180 690 frequentatum.
1203 621 1242 681 v.

10 2365 23 2414 i

132 709 257 768 Berusii
278 708 414 765 Iudicem·
434 705 596 764 Latinitatis
617 719 647 776 p.
670 703 734 760 512
764 707 793 759 ct
814 703 841 759 in
866 703 962 775 primis
993 703 1095 760 Raudii
1118 705 1244 760 Tursell.

133 793 167 857 '1'ss
192 796 247 854 Iti.
270 811 297 866 p.
320 791 393 866 647,
417 792 465 849 ubi
481 792 535 864 qui
557 790 702 848 excitatur
723 805 760 844 ex
783 789 902 848 Rhetor.
924 791 960 846 ad
984 787 1243 862 Herenu.111‚¹4‚

135 881 178 938 24
199 881 284 937 locus
306 879 370 934 huo*
385 877 506 935 maxime
527 875 613 932 iacit:
635 873 749 931 deinde
771 874 863 932 modo
876 878 999 948 acriter,
1015 877 1080 932 tum
1103 874 1243 934 clemen·

135 972 202 1040 ter,
234 969 366 1037 moeste,
397 961 541 1020 hilariter
562 964 597 1018 in
621 977 730 1017 araneo
756 965 867 1036 partes
896 959 1176 1034 commutabimus,
1209 966 1247 1021 ut

135 1051 242 1122 acrba,
265 1053 310 1107 ita
330 1052 635 1126 pronuntiationem.

201 1136 350 1208 splendide
382 1128 455 1214 etaz]
485 1135 531 1190 Ad
561 1149 621 1189 rem
652 1130 826 1188 conoercnda
853 1133 926 1188 haec
954 1135 1085 1191 senecae
1107 1135 1244 1198 controv,

135 1225 155 1284 l.
179 1223 198 1278 l.
222 1223 258 1278 dc
272 1223 408 1279 Albutio:
443 1216 710 1296 Inaequalitatem
724 1219 758 1274 iu
777 1214 833 1274 illo
845 1221 960 1277 mirari
971 1215 1095 1277 libebat.
1119 1217 1245 1302 Spicu-

136 1309 322 1367 didiaalmua
340 1310 429 1363 erat:
446 1306 528 1363 idem
542 1321 595 1361 roc
611 1301 734 1360 dicebat
751 1305 891 1361 amnium
909 1303 1156 1378 sordidissimas,
1169 1323 1245 1363 ace-

137 1401 205 1454 tum
228 1397 260 1451 et
277 1389 422 1468 puleium
447 1397 478 1449 et
500 1389 644 1448 tororum
663 1387 864 1464 philerotem,
892 1392 1055 1465 apouqiua,
1079 1389 1162 1446 nibil
1179 1408 1244 1465 poo-

136 1479 229 1562 tabat
249 1496 320 1535 ecce
339 1477 428 1556 quud
449 1477 512 1534 dici
523 1481 558 1534 in
574 1473 803 1532 declamatione
820 1491 886 1532 roan
900 1480 1018 1550 poscet.
1043 1471 1127 1532 Erat
1140 1479 1245 1534 antem

138 1565 196 1624 illa
220 1581 335 1638 cauca,
359 1563 488 1621 timebat
509 1579 550 1620 ne
571 1559 785 1618 acbataaticua
806 1561 977 1634 videretur,
1009 1561 1085 1619 dnm
1108 1559 1246 1620 alterum

137 1655 248 1712 attium
276 1650 428 1723 evitabat,
459 1647 618 1708 incidebat
645 1649 679 1703 in
701 1644 854 1722 alterum,
886 1663 945 1706 nec
968 1647 1093 1706 uidebat
1114 1651 1246 1706 nimium

138 1739 294 1796 orationis
316 1735 522 1812 optendorma
537 1734 587 1791 boa
601 1732 755 1791 admlatia
774 1734 923 1792 cordibus
944 1749 1011 1794 oron
1029 1735 1166 1812 defendi,
1189 1734 1249 1792 aed

137 1826 375 1903 inquinari...
399 1817 553 1881 Albutius
574 1822 660 1877 enim
683 1831 751 1876 non
772 1821 928 1896 quomodo
955 1839 1020 1878 non
1042 1826 1128 1881 eaaet
1149 1819 1265 1896 aclio-v

137 1911 275 1970 lacticua
297 1909 478 1986 quaerebat,
501 1909 561 1968 aed
580 1905 738 1984 quomodo·
757 1903 868 1984 [non]
890 1907 1056 1967 uideretur.

204 1989 358 2076 adornate]
383 1999 447 2056 Par.
471 1999 500 2052 et
521 1994 600 2051 Harl.
624 1991 804 2051 odoranter.
829 1993 902 2052 Veo.
927 1995 1091 2053 odorante.

205 2101 265 2156 tam
280 2115 317 2154 nc
331 2091 554 2178 usquequaque]
571 2099 602 2155 P.
613 2080 679 2174 otim
702 2111 743 2153 ne
764 2113 867 2174 acque
889 2114 1026 2174 qaoque,
1048 2099 1125 2154 unde
1147 2101 1246 2156 'trusa

138 2187 171 2242 id
193 2185 270 2256 qood
292 2184 432 2255 expressi.

206 2276 301 2326 tamea
323 2259 395 2348 uon]
422 2269 522 2342 Vulgo
544 2267 769 2338 tantammodo,
793 2271 825 2324 ut
847 2268 904 2324 Por
926 2273 954 2325 et
978 2269 1057 2328 Harl.
1081 2285 1146 2326 cum
1163 2271 1248 2344 vau,

139 2356 227 2414 ouius
254 2358 320 2412 loco
348 2356 483 2414 Mrrrctus
513 2359 638 2412 tantum
669 2369 744 2419 non.
769 2354 935 2412 Lectiooem
965 2373 1001 2412 ex
1027 2359 1056 2414 P.
1083 2362 1249 2428 susceptam

10 2433 13 2450 ’
134 2445 232 2501 firmat
253 2443 286 2502 B.

205 2528 236 2585 4.
260 2518 398 2605 caussas]
423 2528 488 2585 Par.
513 2541 640 2600 canuae,
662 2531 696 2583 ut
718 2527 792 2586 ven.

205 2629 305 2669 verum
317 2605 429 2691 rarius]
442 2614 506 2672 Par.
523 2617 552 2668 et
563 2613 641 2673 Harl.
653 2614 761 2670 aerina
772 2617 804 2670 et
814 2614 932 2672 rarius.
947 2611 1020 2674 Veu.
1033 2611 1120 2674 ceria
1132 2616 1249 2673 carrina.

205 2691 363 2778 quamque]
387 2699 464 2754 Anto
477 2699 624 2755 Muretum
645 2713 839 2776 quanquam.
860 2700 940 2760 Harl.
954 2704 982 2756 et
1000 2700 1072 2759 Ven.
1089 2717 1249 2778 qooanque.
1305 2725 1315 2750 ι.

206 2799 261 2839 nec
300 2786 363 2840 Par.
389 2799 439 2846 ne.

175 2882 180 2890 ·
206 2777 374 2949 pergrandi]
400 2871 464 2928 Par.
487 2873 516 2925 et
540 2869 620 2930 Harl.
644 2870 808 2946 operandi.

209 2948 329 3034 Postea]
353 2956 442 3012 Addit
462 2957 495 3016 Β.
519 2972 600 3015 acro.

206 3035 395 3124 renuntiavit]
406 3067 410 3074 Δ
420 3041 499 3101 Harl.
521 3042 730 3099 renunciavit.

207 3119 332 3204 pudore]
355 3128 430 3183 ven.
454 3130 573 3188 timore.

208 3203 302 3290 metu]
328 3215 391 3272 Par.
416 3218 530 3271 moetu.

112 3366 117 3374 Ι
208 3298 239 3355 5.
262 3288 429 3378 Nemeto]
453 3298 580 3355 Eandem
603 3313 662 3354 rem
685 3299 799 3354 Seneca
821 3298 874 3358 l.1.
897 3295 937 3353 ito
966 3303 1078 3357 narrat:
1111 3295 1197 3358 Nam
1219 3303 1253 3358 in

145 3383 284 3462 quodam
297 3383 413 3442 iudicio
426 3383 656 3456 centnmcioati,
671 3401 743 3441 cnm
763 3384 921 3441 diceretur
937 3386 1152 3444 iurisiurandi
1158 3410 1159 3416 ¹
1172 3405 1253 3445 con·

144 3471 221 3528 ditio
239 3467 415 3546 aliquando
428 3471 518 3548 facta
533 3471 573 3530 ab
590 3470 784 3543 adaeraorio,
796 3469 928 3527 inducit
945 3471 1253 3550 eiumadislqurom,

144 3575 210 3634 qua
239 3554 289 3612 itti
321 3559 426 3624 omnia
459 3559 594 3617 crimina
617 3558 783 3630 irroqaret,
814 3553 937 3630 Placet,
969 3559 1081 3635 inquit,
1112 3561 1168 3619 tibi
1188 3577 1253 3617 rem

145 3643 355 3702 iureiurando
376 3641 538 3718 tranu'ail
562 3645 646 3722 iura,
670 3643 729 3701 aed
741 3639 798 3717 eqa'
812 3643 1039 3703 iuoiurondnm
1061 3647 1151 3712 dabo.
1174 3644 1254 3702 Iura
1279 3661 1282 3666 ’

144 3730 325 3806 perpauca
348 3732 474 3788 cinerea
496 3733 553 3807 qni
574 3729 731 3788 inconditi
749 3734 837 3810 aunt.
873 3730 952 3788 Iura
973 3748 1034 3806 per
1052 3733 1155 3806 patrie
1185 3748 1254 3788 one·

146 3819 288 3887 mariam,
311 3820 344 3872 et
364 3821 540 3874 eaaecutna
563 3820 612 3873 eat
634 3814 746 3885 locum,
770 3834 833 3893 quo
854 3816 996 3893 perfecto
1013 3821 1167 3874 increuit.
1189 3813 1254 3876 [aa.

146 3899 310 3961 Arantina
340 3918 384 3958 en
421 3901 544 3959 diuersa
573 3904 634 3973 ait,
663 3895 848 3977 Accipimus
871 3901 1098 3976 conditionem,
1128 3906 1253 3963 iurauit.

147 3987 318 4048 Clamabat
346 3984 518 4058 Albutius,
550 4004 616 4055 non
645 3986 748 4046 detuli
769 3988 997 4062 condumum,
1020 3986 1148 4047 ocbema
1174 3991 1254 4050 dini.

147 4073 310 4134 Acontius
332 4074 485 4150 instabat,
508 4075 697 4132 centumuiri
715 4073 894 4133 reboatum
910 4072 1033 4133 nltimia
1052 4077 1254 4150 separabant.

148 4159 305 4221 Albutius
327 4160 495 4233 clamabat,
519 4160 588 4218 loto
611 4164 735 4218 ratione
757 4159 918 4219 calamato
943 4161 982 4218 de
1004 4177 1112 4218 rernm
1135 4171 1254 4225 natura
1300 4172 1305 4182 '

148 4248 318 4310 tolluntur.
358 4243 521 4307 drantius
546 4247 663 4323 aiebat,
694 4245 861 4323 tollantur,
888 4250 1066 4324 poteruntne
1096 4250 1166 4310 eine
1187 4251 1254 4311 illio
1311 4257 1316 4260 ’
