3054 5000
692 399 749 482 τ’
798 392 874 468 104
927 437 991 480 ·.-.

278 587 390 646 urere.
423 579 560 644 Summa
581 586 632 646 rei
654 581 733 644 brea
750 585 826 662 fnit.
851 581 1049 646 Oeutumriri
1069 586 1224 646 dionunt
1239 585 1317 646 dare
1334 587 1413 662 tp-=

277 687 333 730 sos
354 671 531 731 seeundum
556 671 776 730 adversarium
800 667 938 749 Albutis‘,
969 675 1000 732 si
1018 675 1143 732 iuraret
1163 673 1228 733 itte.
1255 671 1393 732 Iuravit.

278 755 433 818 Albutius
456 775 522 816 non
537 756 612 816 tobit
624 751 717 816 “bona
732 757 966 835 contumelioso,
989 759 1049 819 sed
1072 761 1176 818 iratus
1192 759 1392 820 antummum

277 843 339 903 sibi
360 846 533 922 imposuit:
557 860 732 922 numquam
754 845 841 902 enim
863 842 1005 921 amptius
1027 849 1061 903 iu
1079 846 1154 923 foro
1177 847 1272 918 discit,
1294 842 1392 904 bomo

277 948 419 990 summae
438 929 616 1007 probitatis,
639 933 698 1008 qui
715 946 774 989 neo
788 931 898 1008 facere
920 931 1070 990 iniuriam
1085 948 1143 990 use
1155 935 1227 1008 pati
1239 934 1344 991 eoiret.

343 1009 424 1098 oum]
438 1015 484 1074 lts
495 1032 559 1073 oum
572 1016 632 1073 PR.
643 1018 708 1072 Par.
728 1021 757 1074 et
770 1017 849 1078 Harl.
862 1020 894 1078 B.
907 1033 1015 1095 quum,
1033 1023 1066 1074 nt
1077 1015 1266 1079 Prossbven.
1282 1033 1392 1096 qum.

342 1094 508 1180 optulisset]
531 1104 565 1158 B.
598 1101 677 1160 Harl.
706 1107 737 1156 et
759 1104 833 1160 ven.
861 1118 927 1161 euin
949 1105 1032 1177 vulg.
1063 1103 1124 1162 obt.
1146 1106 1185 1165 V.
1208 1105 1244 1162 nd
1268 1104 1328 1165 Cio.
1353 1103 1397 1159 de

276 1201 336 1258 rep.
360 1202 388 1257 p.
412 1186 484 1244 240.

342 1264 403 1352 sni]
426 1273 491 1331 Por.
515 1275 545 1326 et
568 1269 647 1328 tlnrl.
670 1283 736 1324 anm
759 1269 833 1330 Ven.
857 1285 928 1328 sua.

343 1356 489 1431 negotium
532 1357 592 1417 PR.
616 1355 790 1429 nooooium.

342 1443 371 1506 6.
395 1441 492 1501 enodis
531 1445 596 1501 Per.
621 1445 650 1500 et
672 1445 747 1500 Ven.
772 1439 865 1500 codis.

342 1521 559 1610 proconsulem]
595 1529 640 1587 Its
676 1527 776 1601 vulgo.
811 1529 876 1589 Per.
909 1519 1041 1590 Proebs.
1078 1527 1157 1587 Hori.
1176 1543 1324 1604 proauus.
1356 1532 1397 1594 B.

274 1614 485 1696 personalem.
1238 1623 1239 1630 ’

343 1695 423 1784 oum]
436 1706 482 1760 Its
497 1702 556 1763 PR.
569 1705 597 1758 et
610 1701 675 1757 Por.
689 1715 754 1758 oum
769 1699 849 1760 Heri,
862 1700 897 1758 B.
910 1715 1019 1777 quum,
1030 1702 1063 1756 nt
1076 1701 1178 1763 Pross.
1196 1703 1269 1762 Ven.
1284 1717 1394 1781 quom.

344 1780 511 1869 annitente]
529 1787 568 1846 P.
593 1785 672 1844 Harl.
697 1791 727 1842 et
747 1787 780 1846 B.
803 1784 993 1849 cohiberent.
1029 1788 1094 1848 Per.
1119 1783 1288 1850 sobiberet.

341 1866 459 1955 liotore]
482 1877 516 1931 P.
539 1874 572 1930 B.
598 1872 677 1929 Harl.
702 1878 732 1931 et
758 1875 823 1930 Per.
847 1868 984 1930 lictores.
1010 1871 1083 1932 Ven.
1108 1869 1241 1934 littores.

343 1952 562 2040 exesndnisset]
589 1963 620 2018 P.
638 1957 865 2032 incanduisse,
886 1960 1022 2018 continno
1047 1958 1157 2018 sddens
1171 1966 1210 2022 et.
1234 1963 1305 2018 Item
1322 1962 1393 2020 Par.

279 2070 308 2123 et
330 2064 410 2124 Hori.
433 2047 650 2124 sueonduisso
672 2065 711 2136 et,
735 2060 785 2116 sed
809 2060 872 2118 sine
895 2067 963 2121 noto
985 2064 1107 2144 eopnlne
1135 2046 1283 2125 delendae.
1305 2065 1338 2125 B.
1362 2069 1394 2122 et

277 2153 353 2212 ven.
383 2154 416 2209 ut
449 2151 541 2224 volgo
573 2147 811 2208 esranontssu.
861 2150 908 2205 Ex
935 2149 992 2206 hso
1018 2149 1074 2206 loci
1106 2151 1291 2222 sumptione
1322 2156 1394 2208 nstro

229 2234 236 2244 “
279 2237 384 2309 onpnls
405 2239 445 2308 et,
468 2251 543 2308 quse
564 2237 656 2309 vulgo
678 2237 744 2307 post
766 2237 803 2292 ut
824 2233 945 2307 additur,
968 2251 987 2292 a
1009 2236 1041 2297 P.
1065 2236 1145 2299 Esrl.
1168 2239 1235 2299 Psr.
1258 2240 1287 2292 et
1314 2237 1392 2298 Ven.

278 2326 359 2381 reete
381 2323 497 2382 omissa.
530 2323 665 2380 Muretus
687 2319 866 2378 euoouduit
885 2328 1084 2393 proposuerat.

344 2399 509 2488 deplorato]
534 2409 598 2468 Per.
623 2411 652 2463 et
675 2405 754 2467 Harl.
778 2404 942 2482 deplicato.

343 2487 400 2574 Μ]
423 2495 470 2552 ltu
491 2496 557 2553 Per.
581 2508 705 2565 qunque.
741 2494 843 2566 Vulgo
866 2489 1027 2567 Marsum,
1049 2497 1082 2550 nt
1103 2494 1137 2554 B.

344 2567 518 2660 oonspeetu]
542 2581 617 2640 Ven.
641 2584 852 2653 aorupeatum.
877 2579 911 2640 P.
934 2581 1066 2656 sperum.

313 2655 451 2746 'psene]
476 2665 556 2727 Harl.
580 2665 639 2724 PR.
663 2669 692 2721 et
715 2667 780 2723 Por.
800 2679 894 2741 pene,
916 2670 949 2724 nt
970 2682 1068 2738 supro.

247 2755 251 2762 '
345 2751 373 2811 i.
396 2743 510 2832 vitium]
535 2750 615 2811 Hori.
638 2751 760 2823 oinium,
782 2756 816 2807 nt
838 2754 913 2813 Ven.

340 2828 470 2917 asussts]
496 2837 575 2894 Plsrl.
598 2835 643 2910 (in
666 2851 722 2907 qno
745 2851 804 2892 vox
826 2835 994 2909 pierumque
1015 2854 1068 2910 per
1090 2835 1289 2910 oompendium
1310 2834 1390 2896 seri·

279 2922 372 2998 bitur)
395 2923 455 2983 PR.
478 2925 598 2982 Parnes.
623 2927 652 2979 et
674 2924 740 2978 Por.
764 2923 881 2996 causis,
904 2928 937 2981 nt
958 2924 1033 2980 Ven.

344 3002 558 3089 concionantis]
583 3011 657 3068 ven.
681 3010 906 3070 contionantis.
942 3008 1019 3066 utun
1040 3009 1159 3070 Parnes.
1247 3055 1260 3078 ,

344 3094 482 3152 abstinuit
504 3087 583 3173 oibo]
607 3093 666 3154 PR.
690 3093 849 3154 abstinuit
870 3094 959 3154 cibo:
980 3111 1010 3152 oo
1035 3094 1104 3154 cibo
1122 3093 1389 3162 abstinuit......

280 3179 444 3238 abstinuit.
485 3180 564 3247 Ques
587 3179 765 3254 stribligines
788 3198 843 3240 non
872 3182 982 3239 nonsit
1004 3182 1151 3244 Pressius.
1187 3183 1233 3240 De
1254 3181 1390 3240 subseri-

280 3267 378 3339 ptione
400 3266 531 3325 oodioum
552 3267 585 3323 P.
609 3268 639 3322 et
660 3268 741 3323 Harl.
764 3268 941 3343 aliorumque
964 3268 1158 3340 exemplorum
1172 3268 1200 3324 in
1221 3269 1314 3326 Proet.
1332 3283 1390 3325 ox·

279 3367 411 3440 positum.
441 3370 560 3431 Parnes.
583 3365 740 3428 abstinuit
761 3370 838 3428 eibo.
861 3347 970 3430 osnbro
993 3345 1131 3430 otsbbts':
1154 3377 1301 3443 postrema
1321 3370 1391 3442 quin

279 3459 384 3511 sonent
405 3470 451 3510 me
472 3455 564 3530 tugit3
585 3461 737 3530 pinoteres
759 3457 800 3514 sit
820 3458 1027 3516 Msssmsnnns
1053 3476 1082 3531 p.
1108 3458 1169 3517 19³
1198 3458 1236 3514 ibi
1258 3456 1391 3514 sinotsri

280 3545 387 3616 „vsost
409 3539 436 3596 in
458 3540 645 3613 exemplarii‘
677 3543 776 3605 Vstio.
798 3542 884 3601 4498
907 3541 1169 3619 (R'Msssmsnni)
1192 3542 1294 3601 desinit
1316 3559 1390 3599 ver-

279 3625 324 3684 bis
347 3625 504 3686 abstinuit
524 3624 617 3686 aibo:
639 3642 734 3700 neque
755 3628 839 3686 aliter
860 3627 956 3688 vetio.
984 3627 1076 3690 1862.
