3054 5000
693 405 953 522 —883-

266 605 295 660 ei
317 601 370 663 ut.
402 603 478 666 bier.
504 606 541 666 V.
566 603 639 662 0ud.
663 603 699 660 ati
728 603 794 662 utu.
819 602 848 663 6.
884 603 1069 661 Ooutrnebrm
1100 609 1219 664 sormam
1243 623 1279 662 ex
1302 605 1386 664 libris

266 707 339 764 Mss.
372 707 525 765 Ernesiius
558 707 684 765 restituit
707 707 789 764 Galb.
822 707 872 782 22,
896 707 1119 780 obtuleruntque
1142 711 1217 774 Mes.
1239 711 1325 769 linet,
1355 711 1386 773 1.

331 810 510 886 faciundum]
535 811 636 884 Vulgo
660 815 691 868 ut
715 813 747 870 B.
772 810 852 871 Harl.
877 815 905 866 ei
935 811 1000 869 Par.
1020 811 1208 884 societatum.
1244 813 1387 870 Heinsius

267 917 443 975 cauendam.

332 1014 578 1094 ostenderemus}
595 1003 703 1076 Firmat
725 1021 840 1092 praeter
864 1017 985 1076 Gellium
1008 1019 1041 1074 Β.
1073 1017 1212 1075 exbibens
1240 1024 1388 1078 octoada-

267 1137 340 1180 renr.
377 1121 478 1193 Vulgo
507 1137 571 1178 cnm
601 1122 669 1184 Par.
691 1122 771 1181 llari.
802 1127 831 1178 et
859 1123 932 1179 Ven.
964 1126 1166 1183 ostendamus.
1196 1122 1387 1180 Constructio

268 1223 443 1281 coniunctivi
465 1222 625 1296 imperfecti
647 1241 767 1297 prorsus
791 1225 1006 1282 accommodata
1040 1226 1178 1283 eiusmodi
1201 1225 1387 1284 decretorum

267 1327 407 1387 formulis.
438 1328 543 1401 ltaque
576 1329 704 1386 Senatus
733 1329 880 1386 decretum
905 1327 1068 1386 Veientium
1105 1347 1151 1400 ap.
1175 1328 1386 1402 Goettiingium

268 1433 422 1490 l'unraenu
444 1431 601 1491 Rbmische
623 1427 785 1494 Urkuntien
808 1449 835 1506 p.
857 1433 914 1489 ib:
934 1435 1055 1506 placere
1077 1449 1117 1491 ne
1131 1464 1174 1473 -
1197 1435 1387 1512 acciperetur,

268 1537 337 1595 iicet
359 1537 387 1594 in
410 1538 522 1596 ratione
543 1537 669 1596 diversa.

333 1645 461 1698 nostram
475 1638 663 1715 sententiam]
693 1639 815 1699 (inicius
838 1640 962 1698 malebat
984 1648 1088 1698 natira
1110 1642 1267 1703 sententia.

334 1745 417 1803 nobis
439 1739 510 1822 nou]
534 1746 601 1806 Par.
626 1749 656 1801 et
678 1745 759 1806 Harl.
781 1762 844 1803 aon
866 1731 961 1803 nobie.

335 1848 364 1906 6.
388 1846 546 1923 Paulatim]
569 1849 615 1908 lta
637 1850 703 1912 Per.
727 1864 842 1922 quoque
865 1853 893 1906 et
916 1847 996 1906 Harl.
1022 1850 1054 1906 Β.
1074 1849 1238 1922 paullatim.

334 1985 396 2026 earn
420 1968 461 2044 et]
486 1971 519 2029 li.
543 1973 637 2029 etiam.
661 1971 741 2039 Quae
764 1988 781 2027 a
804 1972 914 2029 Woltio
937 1988 974 2027 ex
1000 1972 1067 2032 Par.
1102 1975 1130 2027 et
1161 1973 1250 2028 Voss.
1274 1968 1389 2028 adscita

271 2073 326 2132 r'uit
349 2073 454 2146 copula
477 2077 523 2152 et,
558 2090 593 2130 ea
624 2072 729 2130 omissa
752 2087 856 2132 rursus
887 2079 933 2130 est
955 2092 972 2130 a
995 2072 1125 2132 BCrusio
1148 2078 1177 2130 et
1199 2074 1334 2148 Trossio,
1359 2079 1391 2132 ei

272 2195 348 2236 nune
371 2179 406 2237 ad
429 2179 513 2236 tidem
535 2178 596 2238 PR.
620 2178 699 2235 llari.
723 2182 752 2234 et
777 2179 808 2238 Β.
832 2177 1086 2238 revocandorum.
1109 2179 1313 2234 Revocaverat
1331 2176 1389 2234 iam

272 2283 403 2344 Oudend.
437 2283 540 2357 Neque
562 2257 646 2339 aliter
668 2283 744 2344 ven.

337 2401 458 2482 caussa]
482 2405 548 2462 Par.
573 2409 602 2462 et
623 2405 704 2466 llarl.
729 2419 833 2464 cauea.

339 2523 554 2604 appetiverunt]
578 2527 631 2588 ut,
654 2527 733 2585 Flor.
756 2528 939 2620 appetitura.
972 2526 1048 2584 Ven.
1073 2492 1294 2600 apparuerunt.

341 2645 368 2702 t.
393 2643 491 2726 eiiam]
515 2646 588 2704 Com
610 2648 642 2708 P.
674 2648 896 2708 attentatione
923 2648 1020 2724 vulgo*
1038 2646 1174 2708 omissum
1197 2647 1336 2724 B.¹llari.
1361 2651 1393 2704 et

273 2751 342 2818 Par.
364 2750 441 2808 beuti
463 2749 642 2824 improbante
664 2749 693 2807 in
715 2751 790 2808 notis
812 2753 932 2810 Wolfio.

342 2869 549 2952 declamitavii]
578 2873 625 2932 lta
651 2889 687 2930 ex
710 2872 778 2934 Par.
807 2877 837 2930 et
859 2874 948 2932 Voss.
980 2872 1035 2930 iem
1067 2873 1196 2932 Woliius
1224 2873 1394 2950 scripserat,

275 2978 507 3052 probaverutque
531 2981 617 3036 antea
638 2977 667 3036 in
694 2977 771 3038 notia
793 2976 923 3036 Oudend.
952 2976 1057 3034 Adiioe
1084 2975 1286 3036 auctoritatem
1310 2977 1394 3038 ilari.

276 3087 305 3142 ci
326 3084 361 3142 Β.
385 3082 458 3140 Olim
481 3084 667 3141 dementavit.
700 3085 775 3144 Ven.
798 3083 974 3142 declaravit.

341 3219 406 3261 curu
430 3201 533 3284 Cous]
556 3204 655 3264 Deleri
677 3204 778 3264 volunt
800 3203 992 3279 consulibua,
1015 3204 1066 3260 aut
1089 3217 1140 3274 per
1162 3193 1312 3280 πρόληψιν
1336 3200 1395 3256 ad-

277 3309 365 3368 ditum
395 3329 413 3370 a
443 3310 581 3370 Suetonio
611 3310 716 3384 putari.
753 3311 819 3368 Non
838 3307 940 3384 enim,
970 3307 1024 3366 bos
1055 3305 1084 3363 in
1107 3305 1267 3364 Consulatu
1290 3305 1396 3362 decia-

277 3427 391 3490 ratum,
422 3431 491 3476 vero
514 3415 604 3474 simile
627 3415 727 3476 rideri.
772 3395 831 3473 Sed
862 3411 1011 3471 ita‘etiam
1039 3412 1184 3484 prandea·
1202 3412 1396 3483 praetectati

277 3532 334 3575 non
367 3518 559 3584 conveniunt.
591 3522 658 3592 ligo
690 3535 746 3576 non
779 3519 880 3592 video,
904 3531 993 3588 quare
1017 3530 1072 3572 non
1101 3513 1247 3586 potuerint
1269 3513 1397 3571 bibernis

279 3621 434 3696 mensibus,
464 3627 615 3695 antequam
640 3623 675 3678 ad
699 3623 805 3680 beilum
827 3621 950 3694 exirent,
973 3617 1145 3704 declamare.
1181 3617 1343 3688 Quietiora
1368 3617 1396 3674 in

280 3727 383 3786 castris
403 3728 550 3802 legerunt,
572 3723 763 3800 scripserunt,
787 3729 815 3782 et
837 3723 1044 3796 deeimarum,
1067 3731 1100 3780 ut
1117 3723 1153 3778 de
1167 3724 1305 3795 Augusto
1323 3738 1397 3794 pro-

280 3832 321 3906 dit
342 3831 500 3892 Suetonius
526 3833 607 3907 Aug.
640 3829 691 3906 84,
715 3828 813 3903 quirini
831 3831 940 3886 Rornae
963 3828 1019 3886 boc
1043 3825 1188 3888 iecerint?
1218 3827 1307 3886 liRN.
1331 3825 1397 3883 lta-

281 3951 337 4008 que
369 3937 509 4008 probasse
538 3935 651 3993 videtur
681 3934 854 4007 scripturam
883 3948 954 3990 cana
982 3933 1065 3993 Coae.
1092 3947 1167 4004 quae
1197 3935 1242 3987 est
1265 3929 1294 3985 in
1317 3929 1398 3986 libris

280 4041 441 4116 nonnuliis,
464 4045 496 4098 ut
520 4039 610 4098 Puris.
635 4053 755 4111 eumque
778 4043 859 4095 certe
880 4035 1067 4094 exhibendam
1092 4034 1199 4108 putavi.
1229 4033 1286 4089 Sed
1307 4034 1398 4105 longe

281 4140 376 4216 magis
398 4131 494 4215 piacet
517 4141 659 4202 correctio
681 4139 768 4200 Fabri
790 4141 827 4198 eri
850 4144 991 4200 Senecam
1015 4137 1136 4215 prodita,
1161 4143 1192 4195 ut
1212 4139 1294 4196 t'oea.
1313 4137 1399 4210 piane

282 4246 428 4323 delentur,
459 4251 603 4321 tamquam
634 4263 670 4304 ex
693 4244 789 4320 priore
819 4243 964 4317 particula
992 4245 1098 4304 natum.
1144 4244 1321 4312 Quamquam
1352 4241 1399 4297 vel
