3038 5032
699 428 749 445 ..
799 377 877 462 '11'1
928 425 982 442 .-

285 575 433 660 'veternm
456 577 576 661 scripta
599 594 662 642 una
686 565 864 661 eademque
882 595 981 662 opera
1002 573 1165 660 descripta
1182 573 1213 640 in
1233 573 1411 660 plerisque

284 677 453 760 'codicibus
476 681 551 761 hine
574 679 731 746 conlectis
749 684 855 746 iuncta
878 678 1067 765 plerumque
1086 679 1297 765 reperiamur.
1331 675 1412 742 Ho-

286 803 356 850 rnm
387 803 466 850 vero
496 783 718 874 exemplorum
749 805 847 850 unum
877 782 929 847 vel
960 781 1095 847 alterum
1118 792 1192 848 ante
1215 780 1410 848 conpotum

284 901 398 974 putare
429 907 526 973 qnam
548 887 724 953 Henorhus
752 907 793 954 ex
816 885 987 953 Germania
1018 885 1229 972 archetypum
1258 885 1410 950 abstule-

285 991 336 1074 rit,
361 989 392 1055 id
423 995 535 1054 eorum
557 989 660 1054 forma
689 1003 721 1056 et
744 993 854 1075 specie
878 990 997 1055 novitia
1028 989 1210 1055 luculenter
1231 987 1409 1075 redargui-

283 1107 344 1160 tur.
379 1091 472 1158 Patet
488 1091 582 1158 simul
601 1089 757 1158 Suetonii·
769 1093 929 1175 (Tacitum
946 1095 1008 1158 iam
1027 1094 1132 1174 mitto)
1156 1091 1305 1160 codicum
1323 1111 1409 1159 esse

284 1195 421 1279 nullum,
451 1197 506 1282 qui
531 1215 589 1261 sua
613 1213 677 1260 non
700 1197 840 1283 gaudeat
862 1199 949 1263 iuxta
979 1207 1108 1261 eeteros
1131 1197 1340 1279 auctoritate,
1368 1205 1408 1260 ut

283 1301 389 1367 iuncta
419 1313 609 1367 cunctorum
639 1299 767 1367 demum
801 1301 973 1380 collatione
1001 1299 1078 1386 quid
1109 1319 1240 1386 quoque
1266 1298 1343 1366 loeo
1369 1303 1406 1366 in

282 1401 460 1492 archetypo
483 1405 637 1490 seriptum
660 1403 756 1470 inerit
784 1405 941 1492 cognosci
963 1405 1084 1490 possit:
1116 1415 1183 1469 tum
1206 1405 1235 1468 si
1258 1405 1312 1490 qui
1334 1415 1408 1471 sta·

281 1505 392 1573 tuendi
415 1519 490 1574 sunt
513 1505 612 1594 aliqui
636 1510 854 1594 praestantiae
869 1509 1015 1589 ipsorum
1038 1505 1170 1590 gradus,
1194 1525 1252 1571 eos
1276 1525 1318 1570 ex
1333 1505 1406 1572 lide

282 1623 313 1676 et
337 1611 497 1696 diligentia
522 1631 559 1676 ea
584 1609 828 1676 constituendos
852 1631 937 1694 esse,
964 1608 1195 1698 quaquodquo
1213 1609 1405 1694 exemplum

281 1713 463 1781 conlectum
490 1717 597 1798 putari
621 1714 727 1779 debet.
764 1713 855 1778 Haec
878 1713 1039 1798 reputanti
1062 1714 1094 1776 in
1116 1712 1265 1779 codicum
1284 1733 1405 1807 super·

280 1823 391 1886 ‘stitum
420 1820 643 1887 aestimatione
676 1819 808 1886 dubium
827 1820 962 1885 'nullum
990 1829 1056 1904 est,
1086 1819 1162 1906 quin
1192 1839 1304 1885 omnes
1331 1821 1404 1885 bac

281 1923 404 1990 ratione
435 1923 606 1990 antecellat
636 1923 886 2009 Perizonianus,
917 1925 1037 2012 quippe
1066 1927 1120 2012 qui
1150 1925 1191 1991 ab
1214 1923 1343 1990 bomine
1367 1935 1403 1990 et

281 2026 425 2121 diligenti
454 2037 486 2094 et
520 2029 625 2093 Latini
658 2029 818 2096 sermonis
848 2029 881 2091 in
911 2033 1024 2111 paucis
1053 2047 1174 2116 gnaro,
1213 2026 1317 2114 qualis
1349 2028 1402 2094 lo·

281 2132 395 2198 vianus
417 2132 585 2198 Pontanus
616 2133 693 2217 init,
729 2131 898 2198 conlectus
928 2134 988 2199 sit:
1019 2135 1073 2220 qui
1103 2131 1185 2196 liber
1212 2134 1242 2198 si
1268 2131 1334 2196 fide
1364 2141 1400 2197 et

279 2237 470 2301 auctoritate
500 2237 617 2303 ceteris
646 2235 892 2324 anteponendus
922 2247 990 2322 est,
1020 2247 1127 2300 tamen
1160 2254 1225 2300 non
1255 2255 1293 2300 ea
1323 2235 1399 2302 eius

279 2351 330 2406 est
353 2344 473 2428 virtus,
499 2353 532 2408 ut
554 2360 668 2409 errore
686 2347 815 2410 'careatt
840 2343 917 2429 quin
940 2341 1067 2425 accidit,
1091 2353 1126 2406 ut
1148 2341 1294 2406 bonitate
1316 2341 1400 2407 scri-

257 2435 370 2510 ·tnrae
394 2468 458 2511 non
482 2446 584 2538 semel
607 2449 724 2513 ceteris
748 2447 852 2512 cedat.
883 2445 992 2530 Quare
1014 2445 1047 2510 in
1070 2443 1298 2512 constituendo
1318 2466 1398 2510 con·

278 2543 367 2614 textu
390 2547 473 2616 banc
488 2552 633 2638 regulam
652 2552 752 2634 tenui,
772 2564 807 2615 ut
823 2550 863 2616 P.-
883 2551 992 2636 utique
1011 2569 1168 2635 sequerer
1189 2549 1315 2632 ducem,
1331 2554 1396 2618 nisi

277 2647 332 2717 ubi
357 2651 487 2719 meliora
525 2672 608 2719 unns
638 2665 700 2738 aut*
722 2653 804 2718 alter
833 2655 1014 2719 ceterorum
1045 2651 1287 2738 suppeditaret3
1324 2673 1397 2721 om·

277 2751 362 2821 nium
385 2777 465 2822 vero
494 2755 663 2842 lectiones,
693 2778 734 2820 ne
757 2757 809 2822 oui
832 2757 911 2824 iuris
936 2751 1109 2843 qnidq'nam
1133 2758 1184 2821 sui
1207 2757 1394 2823 detrahere·

276 2855 339 2945 tur,
362 2881 559 2946 apponerem
581 2855 734 2948 integras.
757 2858 820 2926 Ubi
843 2862 941 2948 igitur
956 2855 1317 2945 discrepantiaetnihila
1338 2883 1393 2928 me
1470 2852 1474 2859 ’

276 2974 431 3047 notatum,
460 2973 536 3048 puta
561 2963 592 3027 in
617 2975 749 3049 recepta
771 2963 910 3056 lectione
939 2965 1124 3029 'consentire
1145 2963 1277 3028 codices
1298 2985 1391 3033 meos

274 3065 446 3130 universos
481 3087 544 3131 nna
572 3085 644 3132 cum
677 3067 778 3134 Vent
810 3068 842 3132 in
872 3067 1065 3152 exponendo
1094 3075 1200 3130 autern
1229 3070 1390 3156 cuiusque

273 3167 338 3237 loci
367 3179 454 3237 statu
483 3180 518 3237 ut
541 3171 619 3236 nihil
649 3171 857 3238 dubitationis
880 3171 921 3236 de
949 3171 1107 3257 cuiusque
1128 3169 1202 3235 libri
1225 3173 1389 3258 scriptura

274 3272 521 3359 relinqueretur,
544 3273 586 3340 ita
610 3297 709 3362 saepe
726 3287 875 3343 versatus
898 3296 981 3361 sum,
1004 3284 1040 3341 ut
1062 3293 1120 3340 eos
1144 3275 1240 3340 etiam
1258 3277 1291 3340 in
1309 3297 1388 3342 con·

272 3395 373 3442 sensu
396 3379 581 3446 nominatim
596 3380 801 3466 appellarem.
833 3379 921 3447 Citra
950 3379 1098 3445 codicum
1114 3378 1208 3443 tidem
1225 3379 1303 3446 nibil
1317 3399 1387 3447 mu·

272 3480 356 3562 tari3
391 3481 481 3565 quod
509 3483 614 3547 sicubi
637 3483 755 3550 lactum
779 3495 848 3568 est,
874 3484 908 3548 id
930 3483 1101 3569 diligenter
1125 3501 1145 3547 a
1177 3503 1229 3549 me
1251 3483 1386 3550 adacta·

271 3595 338 3648 tum
357 3593 417 3648 est.
451 3581 603 3650 Ceterum
617 3585 820 3652 Perizoniani
836 3588 1030 3671 scripturam
1044 3586 1129 3670 qnod
1150 3587 1283 3672 penitus
1298 3608 1385 3654 nunc

271 3687 513 3772 pernoscimus,
547 3699 715 3775 acceptum
744 3689 920 3756 Ritsehelio
949 3689 1102 3774 ferimus,
1137 3691 1192 3776 qui
1220 3677 1318 3778 qnnm
1342 3712 1384 3758 ex

271 3790 384 3874 codice
406 3790 566 3877 Lugduno
582 3791 730 3860 Bonnam
751 3795 942 3861 transmisso
962 3795 995 3858 in
1013 3793 1163 3879 exemplo
1178 3793 1266 3880 quod
1283 3793 1384 3862 'l'ros-

270 3893 338 3960 sius
361 3894 561 3962 exhibuisset
582 3899 784 3982 perspiceret
807 3899 953 3967 codicem
976 3917 1041 3964 non
1064 3918 1103 3964 ea
1125 3918 1187 3984 qun
1211 3919 1270 3984 par
1292 3911 1383 3966 esset

270 3994 434 4080 diligentia
462 4017 654 4084 expressum
684 4019 781 4086 esse,
813 4003 920 4069 denno
949 4003 1137 4068 conferendi
1157 4002 1303 4068 laborem
1325 4021 1381 4070 sn·

269 4099 381 4164 §tinuit
404 4100 620 4190 lectionisque
641 4104 829 4171 varietatem
851 4105 984 4193 Parerg.
1006 4104 1110 4170 Plaut.
1134 4125 1166 4192 p.
1181 4106 1247 4172 u1o
1266 4107 1379 4193 vulga·

268 4202 332 4286 vit,
363 4219 382 4268 a
405 4223 456 4270 me
485 4216 628 4274 notatam
656 4205 736 4273 Pil-2
768 4229 862 4298 qnae,
892 4221 927 4278 ut
948 4229 1003 4276 res
1025 4229 1112 4276 nunc
1133 4221 1202 4295 est,
1224 4227 1284 4296 pro
1306 4214 1378 4296 ipsa
