3038 5032
571 385 828 463 ..29-

141 588 255 644 teretur
277 585 339 646 vib.
365 583 420 640 14:
442 586 545 654 quotu
566 585 683 657 eadee!
701 592 774 644 mnu
795 587 896 644 adduc
919 587 1085 645 cuneorum
1104 595 1254 661 potentatu.

141 693 254 746 luetur
277 692 391 750 eotldoe!
409 687 494 744 etium
517 688 722 750 [lurnesianus.

208 790 281 868 tum]
306 793 399 849 Abest
421 808 438 846 e
463 791 558 850 Vettio.
582 791 676 850 4498.

209 892 343 972 nendum]
363 898 396 953 B.
415 909 473 950 neo
490 900 560 953 tum.
599 897 693 952 Vntio.
711 897 796 955 4498
813 915 871 954 neo
886 905 966 958 tuuc.
989 900 1063 958 Ven.
1077 915 1136 956 uec
1154 904 1234 961 dum.

210 995 410 1072 ltingnopere]
439 997 589 1054 licrueiue
610 1013 720 1069 mapuo
744 1015 845 1079 opere,
876 1007 909 1059 ut
933 1004 1027 1064 Burni.
1068 1003 1142 1061 lllnd
1170 1005 1255 1063 etium

140 1105 240 1162 vum.
263 1102 358 1162 onos.
942 1107 948 1122 ‘
1143 1079 1147 1084 ⁸

207 1204 385 1292 dieuipliuie]
420 1204 478 1264 ΡΒ.
506 1197 648 1280 dieotpdr'e
677 1206 706 1262 in
736 1213 891 1287 contextu,
925 1212 1091 1284 dieeiple'ur'r
1119 1212 1148 1267 in
1176 1215 1257 1268 mur·

139 1312 213 1384 gine
236 1327 254 1367 a
275 1325 360 1367 moun
382 1324 442 1366 reu.
653 1317 658 1326 ’
1130 1337 1133 1342 ¹

208 1414 321 1471 initium
352 1409 483 1484 qnoque]
513 1413 594 1479 Quae
618 1427 692 1483 pone
714 1415 786 1470 hoio
810 1416 898 1472 verbo
921 1401 1083 1488 sequnntur
1104 1433 1198 1488 usque
1220 1420 1257 1475 etl

139 1523 196 1595 que·
216 1523 307 1575 iidem
329 1517 434 1574 obsunt
457 1534 474 1571 u
498 1515 594 1575 Velie.
618 1516 712 1575 44⁹8.
1031 1521 1034 1526 ‘

164 1632 173 1644 ‘
208 1624 237 1682 2.
261 1617 341 1693 eius]
364 1620 505 1677 omittunt
527 1621 593 1679 Per.
615 1621 695 1679 llari.
721 1627 752 1676 et
775 1623 864 1679 Voss.

208 1722 337 1797 exstitit]
361 1726 392 1782 P.
416 1726 518 1779 erudiit.

209 1829 259 1901 qui
281 1825 378 1900 iidem]
411 1831 444 1884 Ρ.
477 1830 543 1888 l’nr.
565 1803 601 1888 n.
625 1826 706 1889 llorl.
737 1829 828 1890 Voss.
859 1845 923 1886 oum
957 1831 1032 1888 ven.
1066 1835 1095 1889 et
1124 1832 1179 1894 lud.
1214 1849 1256 1904 pr.
1365 1872 1370 1888 .

141 1939 274 2011 quidem.
312 1932 406 1988 Statio
435 1931 591 2002 ledendum
615 1930 766 1988 videbatur
787 1935 918 2006 quidum.
942 1934 1023 2002 Quod
1049 1951 1125 1992 nuno
1148 1935 1258 2009 vulgu-

142 2037 278 2109 torquis
300 2035 409 2107 primns
431 2033 552 2106 dederit,
575 2033 688 2105 ignoro.

209 2136 401 2212 semigreeoi]
432 2132 632 2194 Praemittitur
654 2139 746 2210 vulgo
779 2140 816 2195 od
840 2139 1000 2196 BGrusium
1029 2157 1124 2212 usque
1155 2148 1259 2199 urulo-

143 2248 212 2322 reo',
236 2244 313 2316 qnod
335 2241 372 2297 nd
394 2241 477 2297 tidem
503 2243 535 2300 P.
565 2242 646 2301 llurl.
672 2244 735 2302 Pur.
767 2243 856 2300 Voss.
881 2243 976 2300 Vallo.
1007 2243 1100 2304 4498.
1131 2245 1205 2301 Ven.
1230 2249 1260 2300 et

122 2349 262 2429 vlilediol.
294 2345 405 2418 delevi,
435 2344 560 2415 ineptum
593 2345 815 2402 additamentum
846 2361 882 2400 ex
914 2345 1061 2420 margine,
1097 2349 1173 2419 quod
1197 2348 1259 2420 ipse

144 2449 367 2522 Oudendorpine
396 2449 440 2504 hie
462 2449 559 2506 verbio
582 2448 610 2504 in
633 2449 717 2506 Notis
747 2449 926 2520 improbasse
954 2447 1084 2507 videtur:
1129 2451 1259 2526 „Orato-

144 2574 191 2614 res
214 2561 295 2612 uerte
317 2554 409 2611 luisse
430 2552 542 2608 Livium
565 2553 768 2618 Andronicum
787 2557 816 2608 et
838 2551 971 2626 Ennium,
1001 2566 1142 2624 nunquam
1166 2555 1257 2611 trudi-

144 2660 219 2716 tur.“
264 2652 362 2728 Atqu'e
396 2655 458 2727 ipse
486 2656 571 2710 luens
602 2670 628 2711 o.
659 2655 695 2728 6,
729 2655 840 2712 Wollio
862 2655 898 2711 ed
927 2654 1134 2712 defendendum
1157 2671 1258 2717 vooetu

145 2764 260 2834 allatus,
280 2761 386 2818 dooere
405 2759 536 2832 debebat,
556 2759 694 2814 Suetonio
710 2759 736 2814 ei
757 2759 954 2834 prosuiooruru
968 2759 1139 2814 mentionem
1161 2762 1258 2838 iuuere

145 2866 302 2938 voluisset,
325 2863 353 2918 id
377 2862 452 2934 quod
476 2867 556 2917 uerte
580 2865 716 2932 quantum
740 2862 775 2934 ud
801 2859 915 2918 Livium
939 2865 1037 2917 tunore
1061 2877 1116 2917 non
1137 2869 1258 2934 poteret,

123 2963 201 3042 'qno
225 2967 308 3024 modo
332 2965 513 3028 scribendum
536 2963 653 3039 luisset,
689 2951 830 3022 virlelioet'
845 2969 1020 3040 scriptores,
1041 2981 1095 3020 nou
1118 2971 1259 3025 orutorer.

145 3069 230 3134 B..nt
245 3047 349 3144 uulgo.
367 3073 410 3112 -‘-
425 3066 561 3124 Ceterum
579 3067 704 3142 Ennius,
724 3068 828 3126 Rudiis
850 3073 946 3141 uetus,
967 3084 1024 3140 quo
1039 3068 1149 3126 ratione
1169 3069 1259 3125 semi-

146 3191 275 3249 grueuns
298 3179 377 3229 reete
400 3172 578 3246 appelletur,
609 3170 766 3228 ostendunt
795 3187 868 3243 quoe
891 3172 926 3227 de
949 3186 1060 3244 graeco
1082 3171 1157 3228 illins
1180 3172 1259 3227 ornis

147 3281 242 3347 indole
261 3276 413 3350 congessit
427 3276 636 3332 Mommsenius
657 3279 732 3334 Ann.
748 3273 814 3330 dell*
830 3274 895 3332 inst.
912 3276 992 3332 urolr.
1007 3277 1041 3331 ¹1¹.
1056 3275 1125 3334 XX.
1140 3291 1166 3352 p.
1190 3275 1259 3334 102.

211 3400 285 3456 qnos
308 3386 431 3452 utruque
452 3379 555 3452 lingna
577 3376 647 3456 eto]
674 3381 719 3434 De
746 3379 826 3434 vurie
853 3379 953 3434 horum
982 3379 1134 3436 verborum
1167 3381 1260 3437 iuter-

147 3487 308 3562 pretatione
331 3502 357 3542 v.
382 3483 468 3541 Anul.
492 3498 533 3542 or.
558 3500 584 3554 p.
609 3475 670 3541 27(

213 3584 325 3666 notum]
360 3588 459 3659 Vulgo
488 3583 640 3663 dduotum,
672 3571 755 3643 ouius
782 3586 848 3642 looo
883 3580 961 3658 quod
992 3585 1157 3644 Gronovius
1186 3601 1260 3642 orru-

148 3695 215 3752 ieoit
238 3697 411 3750 udrtotutum
432 3690 518 3746 valde
539 3690 648 3760 pleuuit
669 3688 872 3761 Oudendorpio
895 3695 923 3745 et
946 3690 1083 3762 Woltio,
1113 3689 1188 3760 quod
1212 3689 1261 3765 ite,

149 3804 181 3856 ut
202 3798 251 3854 hio
273 3796 326 3866 eit,
348 3794 459 3852 Plinius
480 3793 569 3851 maior
589 3793 670 3865 loqui
692 3793 795 3850 solent.
835 3792 894 3848 Sed
917 3808 974 3850 non
1001 3789 1109 3848 nddioit.
1131 3807 1260 3848 ounuue-

148 3904 219 3961 tuno
250 3899 426 3974 Tranquilli,
460 3897 508 3956 oui
537 3903 640 3955 rtulmu
668 3906 716 3964 eut
740 3895 850 3968 pluonit
880 3898 925 3969 (v.
953 3898 1044 3966 vesp.
1076 3895 1105 3954 9.
1134 3895 1187 3950 'lii
1225 3895 1261 3964 i)

150 4007 177 4064 id
201 4007 294 4078 ipsum
318 4004 393 4077 qnod
418 4004 479 4060 PR.
500 3978 537 4058 in.
560 4002 580 4057 2
603 4017 668 4058 euru
691 4001 788 4057 Velio.
812 3999 898 4058 4498
917 3998 1129 4071 suppeditavit:
1153 3999 1180 4055 in
1204 4016 1261 4071 quo

149 4110 261 4168 interim
282 4106 525 4182 uoqnieeoeudum
541 4104 611 4181 erit,
634 4121 803 4176 quemquem
817 4103 844 4158 in
861 4103 986 4159 leotioue
998 4105 1153 4182 uduutuuu,
1176 4118 1262 4174 quum

151 4220 267 4276 tnerrtur
290 4215 356 4272 Per.
390 4210 472 4270 Harl.
503 4210 536 4268 Β.
560 4213 590 4266 et
612 4210 703 4284 Ven,
734 4208 813 4265 eliud
836 4205 988 4278 quidquam
1018 4205 1110 4262 lutere
1139 4206 1261 4281 videtur,
