3038 5032
649 433 897 484 ..pv-

215 603 292 661 noto
310 595 400 660 initio
413 593 513 660 libelli
540 595 581 667 de
606 617 742 683 gramm.
764 599 930 684 apposita,
954 608 986 662 et
1009 607 1083 663 ante
1108 598 1194 664 hune
1215 596 1324 663 Aehii·

216 697 266 765 les
289 697 434 783 Statius,
470 721 566 786 quem
595 700 669 764 vide
697 703 729 765 in
752 703 887 768 exordio
918 702 1219 768 commentariorum
1248 722 1324 772 suo-

217 823 299 888 rum,
321 803 431 869 verius
455 804 497 868 ita
521 815 718 892 statuerunt,
742 817 778 872 ut
801 826 840 872 eo
863 825 962 891 opere
983 807 1078 872 huius
1102 805 1142 870 de
1164 807 1325 872 sententio

213 889 380 972 ithettt‘de
399 927 534 992 gramm.
552 918 584 972 et
607 909 648 973 de
663 911 782 976 rhetor.
805 921 838 975 et
854 910 914 975 alia
930 909 1090 992 nonnulla,
1112 911 1144 973 in
1160 910 1208 976 his
1228 913 1324 976 etiam

213 1008 309 1076 Plinii
336 1009 412 1094 vita,
446 1011 680 1094 comprehensa
710 1014 865 1096 luissent,
897 1014 951 1079 ilie
973 1015 1108 1100 insuper
1135 1013 1323 1080 Suetonium

213 1115 307 1178 etiam
331 1125 500 1198 poetarum
523 1113 615 1181 Rom.
639 1117 721 1181 vitas
744 1117 839 1183 simul
858 1137 1029 1183 enarrasse
1050 1117 1247 1201 ostenderet,
1268 1137 1324 1183 eu·

98 1253 103 1264 ·
212 1219 263 1282 ius
293 1218 447 1304 reliquiae
477 1219 604 1304 aliquae
634 1220 665 1283 in
694 1220 805 1287 trustis
837 1222 974 1286 vitarum
1010 1221 1151 1304 iloratii,
1190 1221 1322 1305 Lucani,

210 1317 316 1386 Persii
339 1323 569 1408 superstitibus
594 1323 634 1388 ad
658 1345 718 1390 nos
741 1327 977 1410 pervenissent,
1001 1327 1107 1390 donec
1128 1335 1238 1391 nostra
1259 1347 1324 1390 me·

210 1427 311 1492 moria
344 1425 543 1492 Bitschelius
573 1426 706 1514 Parerg.
736 1427 840 1494 Plaut.
871 1451 902 1514 p.
931 1430 995 1496 610
1024 1450 1073 1515 sq.
1105 1439 1205 1494 totum
1238 1431 1323 1495 hune

210 1528 317 1598 locum
346 1533 535 1597 retractavit
564 1543 615 1617 ct,
647 1536 839 1618 praesertim
864 1533 1031 1615 docendo,
1067 1544 1197 1626 praeter
1219 1554 1323 1620 gram·

209 1639 357 1721 maticos‚
383 1637 531 1702 rhetoras
556 1649 588 1702 et
611 1651 727 1722 poetas
750 1639 942 1704 Suetonium
966 1637 1081 1702 eodem
1104 1638 1201 1704 modo
1228 1639 1322 1702 etiam

209 1749 357 1804 oratores
391 1738 612 1825 perlustrasse
633 1741 686 1826 ¹¹²),
725 1763 764 1808 ea
795 1743 836 1808 de
869 1764 905 1807 re
935 1743 1012 1828 quid
1042 1742 1139 1809 hodie
1158 1743 1244 1808 seiri
1266 1761 1324 1828 po·

204 1885 495 1898 -—-·—=-—-——----

259 1983 290 2052 i)
316 1981 404 2038 Unum
424 1981 505 2049 addo,
524 1981 597 2055 qnod
617 1982 641 2036 si
660 1977 802 2053 probabile
818 1980 951 2048 videatur,
966 1981 1126 2035 sententiam
1142 1999 1156 2035 a
1170 1977 1322 2037 liitscheiio

312 2070 346 2212 dp
366 2071 415 2213 ilpa
433 2073 526 2212 qperis
549 2069 902 2210 aqcepsiovnedplroppsitoqq
919 2075 947 2208 ll
964 2067 1051 2208 impet
1070 2074 1098 2120 et
1115 2069 1207 2208 operis
1225 2069 1323 2209 rqtiqni

314 2176 320 2210 ι
345 2173 438 2212 nsran
459 2175 492 2213 ae
511 2173 571 2212 mse
590 2175 637 2215 vr.
699 2172 799 2210 rercc
827 2171 854 2208 m
905 2171 920 2207 a
944 2171 976 2207 ae
1017 2170 1244 2210 ommenamsa
1294 2172 1321 2210 u·

312 2245 402 2299 vrnal.
423 2245 474 2309 ill,
500 2248 549 2311 74,
573 2243 619 2297 ubi
645 2242 679 2296 de
699 2242 777 2296 isaeo
805 2247 914 2294 oratore
938 2237 1041 2294 Romae
1070 2240 1145 2294 claro
1170 2257 1261 2294 sermo
1284 2241 1322 2307 iit,

313 2331 442 2386 nonnulla
468 2329 502 2384 de
526 2331 689 2401 cognomine
716 2335 826 2382 oratore
850 2325 942 2380 Attico
962 2343 995 2381 ex
1019 2323 1180 2404 Tranquillo
1199 2325 1321 2380 scierun-

314 2426 371 2473 tur:
396 2417 512 2484 „isacus
538 2415 631 2470 rhetor
650 2415 702 2469 init
728 2413 917 2479 Atheniensis,
932 2419 962 2467 ut
991 2409 1095 2468 Probus
1120 2415 1220 2483 inquit,
1246 2413 1321 2466 iliius

315 2509 444 2578 temporis
464 2505 544 2558 cuius
563 2509 589 2556 et
608 2500 785 2573 'i'rnnquiiius
809 2501 941 2565 meminit,
968 2499 1038 2553 aitcr
1063 2500 1209 2564 isocratis,
1233 2505 1261 2552 nt
1278 2498 1322 2552 ie·

315 2600 389 2657 runt,
414 2590 566 2667 discipulus
593 2595 815 2661 praeceptorque
841 2585 1049 2651 Demosthenis,
1074 2593 1104 2640 ut
1125 2584 1234 2658 quidam
1259 2601 1321 2640 scu·

317 2679 395 2743 tiunt,
414 2675 605 2742 Atheniensis,
625 2680 653 2727 ut
671 2673 719 2728 aiii
734 2671 910 2739 Chalcidrus,
936 2669 986 2726 sed
1004 2669 1111 2724 isaeum
1130 2670 1232 2726 dixisse
1250 2669 1321 2724 hune

316 2762 393 2816 credi
412 2779 462 2834 par
481 2770 532 2828 cst,
552 2761 585 2815 de
605 2776 659 2832 quo
682 2757 787 2813 Plinius
805 2759 833 2813 in
851 2757 976 2831 epistolis
994 2762 1066 2812 etc.“
1102 2755 1180 2824 Quae
1200 2757 1233 2811 de
1253 2755 1321 2812 Sue·

313 2849 387 2906 touio
410 2847 456 2902 hie
482 2847 645 2913 afferuntur,
662 2845 725 2902 heta
745 2861 809 2900 csse
835 2861 889 2898 non
909 2851 1037 2918 possunt,
1064 2859 1157 2916 neque
1176 2845 1202 2897 in
1221 2843 1322 2898 initulis

314 2935 398 2991 rricrt
425 2933 498 2989 Otho
521 2933 633 2988 iaimius
657 2935 684 2986 in
705 2948 808 3004 nupera
829 2930 1003 2986 Scholiorum
1028 2929 1169 2985 iuvenalis
1193 2929 1323 2996 editione,

314 3022 456 3079 commodo
481 3039 513 3077 ea
539 3025 573 3076 ud
596 3020 695 3075 librum
722 3019 847 3074 Suetonii
867 3018 902 3073 de
925 3018 994 3072 viris
1013 3015 1166 3072 illustribus
1183 3017 1322 3087 pertinere

316 3111 477 3168 admonens.
507 3108 603 3172 Recte,
634 3105 867 3175 Quemadmodum
895 3105 968 3160 euim
987 3106 1014 3158 in
1037 3103 1213 3176 profligandis
1231 3103 1324 3174 operis

317 3198 441 3273 partibus
469 3197 587 3269 singuiis
614 3192 806 3268 superstitibus
834 3192 869 3245 de
898 3194 1084 3260 grammaticis
1113 3197 1141 3246 et
1169 3188 1324 3246 rhetoribus

257 3299 260 3306 ·
317 3305 379 3341 eum
415 3304 517 3341 morem
548 3291 661 3340 secutus
690 3288 752 3344 est,
782 3286 813 3334 ut
846 3276 1013 3347 singulorum
1044 3279 1164 3331 virorum
1195 3279 1324 3334 recensui

321 3373 549 3428 introductionem
568 3369 703 3444 quandam
728 3367 763 3422 de
782 3363 935 3436 argumenti
958 3361 1092 3416 tractandi
1112 3361 1224 3418 historia
1242 3381 1325 3435 prac-

321 3461 435 3525 miserit,
461 3461 498 3516 ita
518 3460 599 3514 etium
627 3459 689 3512 eius
714 3453 828 3526 capitis,
851 3447 924 3521 qnod
951 3445 1158 3502 decretoribus
1182 3451 1246 3520 agit,
1263 3467 1325 3522 pro·

321 3547 412 3602 ormio
444 3544 588 3602 admodum
617 3540 750 3598 credibile
784 3544 827 3592 est
859 3535 892 3588 de
912 3532 1090 3603 ‚eloquentiae
1116 3534 1240 3592 Graecae
1271 3540 1325 3591 ori.

320 3635 384 3706 gine
402 3641 486 3706 atque
503 3647 654 3702 progressu
673 3625 797 3684 nonnihil
820 3627 961 3688 auctorem
985 3620 1155 3678 inseruisse:
1181 3639 1235 3694 quo
1254 3623 1326 3678 isaei

320 3721 422 3778 mentio
450 3736 483 3776 eo
501 3720 589 3791 aptior
607 3716 695 3772 videri
721 3711 824 3775 debuit,
852 3722 905 3780 quo
923 3708 949 3760 is
967 3722 1020 3760 nou
1038 3707 1126 3762 solum
1145 3717 1238 3766 orator
1255 3712 1325 3782 ipse,

318 3811 367 3868 scd
399 3810 483 3864 etiam
512 3810 539 3864 iu
558 3807 626 3878 ipsis
651 3805 711 3859 eius
736 3803 801 3857 artis
819 3791 980 3852 doctoribus
999 3801 1028 3850 et
1045 3793 1250 3866 professoribus
1268 3798 1325 3856 iutt.

322 3896 452 3966 Adiungo
480 3896 561 3950 ctiam
590 3891 672 3946 oliam
698 3885 929 3948 observationem,
952 3879 986 3936 ad
1009 3883 1158 3938 sectionem
1182 3882 1217 3940 dc
1236 3892 1326 3957 poetis

321 3988 501 4054 spectantem,
531 3978 602 4034 haud
625 3978 715 4031 minus
740 3969 924 4046 probabilem:
956 3965 1136 4038 fragmentum
1165 3967 1327 4043 Tranquilli,

322 4067 396 4138 quod
422 4067 456 4123 de
483 4067 591 4137 origine
617 4079 736 4137 poeseos
760 4060 824 4130 agit,
848 4054 953 4112 isidoro
979 4051 1055 4122 Orig.
1082 4051 1155 4120 Viii,
1178 4057 1327 4112 ieitatum

322 4154 407 4224 (apud
425 4153 557 4210 Woitium
579 4151 610 4208 Τ.
628 4150 674 4206 ΙΙΙ.
693 4167 717 4221 p.
731 4147 794 4216 rt),
812 4145 873 4200 sine
892 4140 1059 4198 dubitatione
1086 4140 1202 4194 sectioni
1220 4141 1262 4196 iiii
1280 4145 1326 4200 ad·

322 4237 508 4308 scribendum,
526 4241 630 4312 pariter
647 4235 742 4292 sedem
760 4248 837 4287 suam
856 4231 883 4284 iu
901 4227 1041 4300 prooemio
1060 4225 1200 4284 hahuisse.
