3038 5032
521 425 572 442 ··
624 405 737 492 ΠἮΙ.
782 425 835 442 ··-·

122 593 222 659 quum
246 592 321 638 eum
344 589 514 638 recensum
537 575 569 638 in
592 571 732 640 editione
753 571 902 640 Suetonii
914 571 1113 640 Lemairiana
1125 571 1236 652 (Tem.

123 675 230 757 XCV)
260 669 347 762 typis
379 671 742 762 repetendum'curaret
763 674 850 746 dot.
874 697 905 760 p.
929 675 1036 759 XXll‚
1067 679 1128 742 nisi
1152 679 1238 752 forte,

65 847 69 854 ,
121 780 237 845 eadem
258 789 309 843 cst
332 799 416 863 quae
438 780 479 844 ad
502 801 531 845 a.
557 781 640 845 1499
660 781 804 846 breviter
822 781 873 845 his
895 780 1111 866 significatur:
1136 779 1237 846 ‚Sue-

120 885 229 948 tonius
252 881 292 946 de
315 881 538 948 Grammaticis
559 895 591 948 et
613 882 809 948 Rhetoribus
833 883 929 948 claris
951 883 1090 966 libellus,
1112 884 1142 948 4.
1160 885 1236 953 min.

119 1008 148 1052 s.
171 1007 200 1050 a.
223 985 243 1050 l.
267 989 303 1049 et'
322 996 449 1071 typogr.
464 985 643 1050 -Panzer
656 983 692 1050 T.
709 985 762 1050 lV.
782 1008 813 1072 p.
827 988 890 1052 197
897 986 933 1070 3“
955 988 1116 1074 ignoravit
1132 1008 1235 1074 aeque

118 1095 154 1153 in
175 1109 314 1154 censura
333 1087 508 1152 editionum
530 1086 626 1154 buius
649 1087 747 1153 libelli
768 1091 972 1175 antiquarum
989 1088 1234 1158 Graelenbanus

119 1191 239 1258 Gescb.
264 1191 299 1266 d,
317 1189 508 1276 Philologie.
534 1191 570 1256 T.
594 1190 648 1258 lV.
679 1213 710 1275 p.
734 1192 807 1258 449.
854 1191 944 1258 llaec
966 1193 1065 1267 editio
1086 1194 1149 1258 iarn
1173 1214 1233 1278 pro
1292 1241 1295 1249 f

117 1297 265 1380 principe
288 1294 517 1378 habenda-est,
548 1295 809 1381 quandoquidem
832 1298 973 1360 anterior
999 1296 1105 1362 adhuc
1126 1295 1234 1363 afferri

117 1399 273 1486 nequivit.
319 1391 476 1464 Notemus
496 1418 576 1464 voro
609 1399 723 1463 eodem
748 1420 832 1465 anno
855 1402 950 1464 etiam
972 1399 1147 1466 Caesarum
1178 1398 1233 1464 Vi·
1271 1471 1277 1480 .

115 1503 225 1568 tasin
254 1501 360 1567 lucem
388 1522 447 1585 per
468 1502 620 1574 eundem,
635 1505 809 1568 lensonum
840 1504 977 1568 emissas
1001 1523 1095 1586 esse,
1131 1503 1232 1566 torma

115 1617 226 1670 tamen
258 1607 393 1670 maxima
419 1607 609 1690 impressas,
641 1618 676 1672 ut
699 1626 758 1692 pro
786 1605 864 1698 eius‘
880 1606 1029 1671 editionis
1052 1604 1231 1690 appendice

116 1709 230 1774 haberi
252 1729 316 1774 non
340 1711 453 1793 possit.
487 1709 650 1792 Quantum
667 1710 708 1774 ad
724 1721 896 1776 contextus
911 1708 1094 1796 exemplum
1113 1729 1132 1773 a
1149 1706 1230 1774 Ven.

115 1813 306 1897 exhibitum,
330 1833 402 1878 eum
417 1811 491 1878 Par.
514 1823 547 1876 et
562 1811 651 1876 Harl.
669 1814 892 1900 ¹maximopere
912 1813 1087 1900 conspirat,
1109 1814 1231 1898 passim

114 1917 200 1982 adeo
223 1918 256 1980 in
279 1917 365 1980 vitiis
388 1917 579 2000 scripturae,
604 1915 703 1980 veluti
724 1917 799 1980 sala
821 1937 881 2002 pro
903 1915 1067 1983 Messalla
1083 1901 1179 1984 Rhet.
1199 1915 1212 1977 1
1219 1963 1229 2000 ,

113 2020 174 2087 sed
198 2030 305 2084 tamen
327 2038 391 2096 nen
414 2018 458 2082 ita
481 2029 514 2083 ut
537 2038 579 2083 ex
598 2016 704 2083 altero
728 2030 821 2084 utero
852 2019 980 2084 illorum
1003 2018 1151 2084 codicum
1174 2039 1228 2082 ex·

113 2143 267 2211 pressum
290 2144 365 2190 esse
388 2123 510 2208 possit:
535 2121 687 2188 nonnulla
710 2125 793 2187 enim
816 2123 913 2189 babet
936 2123 1121 2211 peculiaria,
1145 2142 1228 2210 quae

114 2229 177 2296 nisi
200 2225 472 2310 interpolatricem
500 2246 628 2290 manum
650 2227 787 2291 immane
810 2238 992 2314 grassatam
1014 2225 1153 2308 dixeris,
1185 2245 1227 2290 ex
1356 2255 1363 2262 ·

113 2340 228 2396 neutro
252 2330 376 2395 adsumi
398 2339 583 2412 potuerunt.
628 2328 749 2395 Verum
773 2341 877 2394 tamen
911 2340 1018 2395 tantus
1041 2349 1155 2395 rursus
1178 2317 1232 2394 est

114 2435 212 2499 trium
236 2433 350 2499 horum
368 2431 521 2497 librorum
541 2451 733 2518 consensus,
758 2444 792 2510 ut
809 2433 953 2499 eiusdem
973 2432 1122 2516 familiae,
1146 2453 1229 2520 quae

114 2535 361 2607 Henoobianum
383 2534 528 2602 codicem
552 2535 719 2604 habuisset
741 2524 1026 2622 patremfamilias,
1049 2539 1151 2606 fuisse
1170 2555 1229 2624 pu·

113 2649 234 2708 tentor.
278 2639 314 2706 lu
335 2639 398 2706 hoc
420 2641 469 2706 rei
490 2650 575 2706 statu
597 2642 726 2710 tametsi
748 2661 808 2726 pro
830 2641 969 2727 exempli
991 2642 1180 2730 antiquitate
1196 2651 1230 2706 et

114 2747 260 2815 novitate
275 2746 316 2810 ad
334 2744 591 2838 pernoscendam
612 2747 795 2812 universam
815 2749 980 2814 materiam
992 2748 1136 2814 criticam
1150 2765 1230 2831 ope·

113 2869 170 2916 rae
202 2835 341 2932 pretium
369 2849 448 2917 duxi
477 2849 548 2916 eius
576 2852 782 2935 scripturam,
813 2851 974 2920 nonnullis
1007 2871 1091 2936 quae
1112 2850 1154 2916 ad
1177 2870 1227 2914 or·

113 2952 340 3042 thogreltbiam
369 2961 518 3037 spectant
545 2955 711 3038 exceptis,
733 2956 891 3043 integram
919 2954 1160 3024 commentariis
1178 2946 1229 3020 in·

113 3075 239 3138 serere,
257 3066 364 3128 tamen
380 3077 507 3124 menon
522 3058 621 3144 fugit,
644 3057 784 3124 fructum
807 3057 991 3144 diligentiae
1010 3077 1103 3124 meae
1125 3057 1228 3143 magis

112 3165 144 3228 in
159 3149 246 3230 'novi
268 3164 470 3230 instrumenti
492 3164 600 3232 adhuc
619 3163 760 3250 neglecti
782 3174 939 3249 apparatu
968 3183 1063 3252 quam
1082 3164 1114 3228 in
1140 3179 1227 3228 novo

114 3276 298 3334 contextus.
311 3268 502 3354 restituendi
530 3268 724 3336 adminiculo
755 3278 925 3352 constare,
959 3287 1059 3353 quum
1094 3267 1228 3350 insuper

113 3371 250 3440 socedat
262 3372 345 3438 mira
360 3391 531 3458 operarum
545 3373 578 3438 in
596 3371 804 3457 exprimenda
822 3374 983 3457 scriptura
1003 3370 1166 3455 socordio,
1192 3381 1228 3436 ut

112 3477 166 3544 vel
189 3496 249 3562 pro
271 3485 444 3564 cmupeetu
466 3477 557 3546 Rhet.
581 3479 603 3542 6
624 3485 832 3565 emporium
860 3475 1037 3544 exhibitum
1055 3475 1110 3542 sit.
1136 3472 1227 3540 Haec

113 3601 212 3667 quum
226 3583 271 3648 ita
289 3591 411 3666 esseut,
430 3601 495 3648 non
509 3581 682 3651 admodum
694 3581 853 3650 sollicitus
871 3582 916 3648 tui
934 3580 975 3647 de
990 3577 1227 3666 posterioribus

112 3682 240 3756 veneto
260 3685 491 3772 conquirendis
520 3686 757 3772 exemplaribus
779 3687 961 3772 impressis,
987 3685 1031 3750 de
1053 3684 1172 3770 quibus
1194 3703 1227 3746 v.

113 3786 297 3856 Graleuben
320 3789 340 3856 Ι.
364 3789 384 3855 l.
408 3810 507 3876 quum
529 3791 721 3875 praesertim
744 3809 828 3875 quae
855 3789 931 3856 inde
954 3788 1072 3856 ductae
1094 3787 1135 3857 ab
1157 3785 1226 3852 edi·

112 3893 238 3960 toribus
261 3893 399 3960 subinde
420 3895 595 3962 afferantur
616 3895 784 3978 lectiones,
809 3892 886 3960 nihil
911 3914 968 3959 eas
990 3900 1156 3978 praestare
1178 3890 1226 3954 vi·

113 3997 232 4081 desim,
256 3999 345 4084 quod
368 4017 433 4068 non
456 4019 497 4066 ex
519 4001 649 4085 puriore
672 4000 778 4082 fonte,
810 3998 843 4065 h.
865 4018 893 4064 e.
917 4018 958 4064 ex
981 3997 1071 4064 libris
1094 3995 1226 4080 scriptis

113 4100 193 4164 meis
216 4111 347 4183 praesto
370 4111 476 4166 esset:
501 4101 605 4188 qualis
627 4123 659 4167 v.
683 4122 709 4169 e.
733 4114 784 4169 est
806 4101 989 4168 Florentino
1013 4122 1040 4167 a.
1057 4100 1142 4166 1478
1156 4099 1225 4168 vul·

111 4213 203 4288 gata,
227 4223 289 4289 qua
314 4224 394 4272 usus
416 4207 552 4291 primum
576 4218 627 4274 est
650 4205 835 4291 Ernestius,
859 4227 955 4294 quem
969 4207 1044 4274 vide
1058 4207 1102 4275 ad
1117 4203 1173 4276 Gr.
1192 4208 1223 4293 2,
1254 4195 1258 4202 ’
