3054 5000
558 407 815 482 ..89-

134 601 170 656 sic
189 603 297 660 residet
320 622 404 661 error
425 603 555 660 Suetonii
577 604 605 661 in
628 604 740 660 nomine
762 605 876 660 Pansae
896 621 948 676 pro
971 599 1148 666 Dolabellae.
1173 607 1239 667 Vid.

132 705 184 764 llic.
206 709 281 778 Dpp.
307 708 346 764 ad
369 711 438 767 lam.
461 707 491 780 o,
507 709 555 772 16.
580 708 775 764 wotrlvs
799 707 957 782 DCrasius,
981 709 1029 780 ool
1052 725 1122 766 oum
1136 711 1240 784 omisit,

131 814 269 866 servatum
292 811 323 867 ia
348 812 432 873 codd.
456 811 547 868 meis:
589 812 657 885 ,at
687 826 758 867 cum
790 807 981 872 Consulibus.
1013 813 1108 873 Woll.
1132 813 1242 886 recepit

130 893 190 970 eona
211 920 241 970 et
263 915 382 972 uncinis
406 916 523 972 inclusit
545 930 646 973 vocem
670 915 861 990 Consulibus,
895 920 924 972 et
946 933 999 990 per
1020 933 1145 975 errorem
1160 921 1240 974 Sua-

129 1016 226 1074 tonium
251 1020 392 1076 Pansam
426 1018 589 1075 nominasse
616 1034 668 1089 pro
690 1019 861 1097 Dolabella,
893 1027 993 1079 censet
1021 1038 1057 1078 ex
1081 1023 1141 1080 Cia.
1162 1023 1182 1078 l.
1205 1021 1241 1080 l.:

126 1101 280 1194 „lllrliom
313 1137 372 1195 ego
404 1127 433 1179 et
461 1122 647 1179 Dolabellam
677 1121 791 1180 dicendi
820 1123 979 1196 discipulos
1002 1125 1124 1184 babeo.“
1167 1125 1242 1184 illibi

128 1221 212 1294 ipsum
236 1228 357 1284 Pansae
391 1242 494 1283 nomen
516 1225 672 1283 ostendere
701 1225 823 1304 ridetur,
855 1245 951 1285 seram
981 1246 1048 1287 esse
1070 1231 1240 1288 lectionem:

34 1333 35 1342 ’
127 1329 308 1387 Consulibus
339 1333 433 1388 Htrlio
462 1338 492 1387 et
523 1323 665 1393 Danao.“
707 1330 828 1404 Integra
860 1309 1010 1389 Ciceronis
1043 1315 1134 1391 ve‘rba
1168 1336 1241 1392 baec

126 1437 202 1491 sont:
238 1436 377 1492 Hirtium
399 1451 453 1506 epo
475 1443 505 1491 et
523 1436 710 1492 Dolabellam
732 1438 854 1491 dicendi
868 1437 1031 1508 discipulos
1050 1437 1154 1516 babeo,
1168 1453 1241 1494 aoe-

33 1541 35 1588 l
125 1540 214 1592 nanda·
235 1543 412 1610 maplslroa.
442 1539 520 1596 Polo
543 1542 625 1595 enlm
646 1546 675 1595 le
696 1543 821 1596 audisse
844 1537 889 1616 (al
905 1540 985 1610 forle
1006 1543 1106 1598 omnio
1126 1544 1169 1597 ad
1187 1557 1241 1597 roa

123 1640 343 1716 perforantes&
372 1643 437 1700 llloa
459 1647 545 1715 oymd
563 1659 611 1699 nae
633 1645 836 1720 declamatore,
866 1659 914 1700 nee
936 1647 1021 1717 opud
1048 1645 1112 1702 illos
1135 1647 1240 1702 coeni-

125 1747 224 1807 ollare.
250 1750 338 1822 Ergo
362 1747 389 1803 in
412 1747 524 1804 nomine
547 1747 677 1804 consulis
701 1748 857 1804 Suetonius
881 1746 994 1806 indubie
1017 1764 1143 1806 errorem
1158 1765 1241 1806 com-

127 1847 204 1908 misit.
240 1852 306 1910 Sed
327 1852 411 1908 simul
435 1853 491 1908 boo
513 1857 622 1909 certum
644 1857 700 1928 est,
724 1852 803 1909 illum
826 1851 975 1910 ciceronis
996 1849 1103 1928 locum,
1133 1853 1161 1910 in
1184 1870 1241 1927 quo

126 1949 187 2009 nibil
210 1955 248 2012 de
273 1954 464 2028 praetextatis
486 1954 664 2030 grandibus,
696 1957 866 2014 Suetonium
894 1973 951 2014 nou
973 1957 1159 2031 respexisse,
1188 1958 1241 2015 sed

127 2054 208 2114 alium
231 2058 406 2133 qnempiam,
429 2073 486 2131 quo
501 2061 597 2116 tacete
619 2059 688 2117 illud
712 2059 748 2117 dc
770 2061 960 2133 praetextatis
979 2061 1085 2118 dictam
1104 2061 1241 2117 errantia-

128 2163 181 2217 tum
199 2169 293 2220 essct.
316 2165 419 2235 Neque
433 2164 490 2221 boo
509 2163 591 2221 solus
610 2164 768 2222 Suetonius
790 2164 927 2240 servavit,
949 2166 1000 2223 scd
1023 2181 1106 2238 ouem
1122 2164 1241 2224 allatam

128 2265 218 2323 adbuc
240 2284 302 2325 oon
325 2267 424 2340 video,
452 2269 567 2324 Seneca
590 2285 705 2342 quoque
727 2268 826 2326 rhetor
848 2267 1119 2326 controversiarum
1148 2272 1241 2341 prael.

127 2381 291 2446 potuissem
313 2393 383 2434 eum
406 2377 594 2452 [ciceronem
609 2374 835 2449 declamantem]
858 2379 984 2432 aodisae
1000 2377 1032 2432 ln
1053 2375 1104 2431 tllo
1124 2376 1241 2451 aba'olo,

129 2478 156 2535 in
171 2497 232 2555 ouo
253 2487 333 2539 duna
347 2484 480 2553 prandea
492 2487 698 2554 praelemloloa
715 2483 759 2538 all
771 2495 876 2538 aecum
887 2479 1056 2536 wehmare
1070 2479 1180 2540 aollloa.
1203 2481 1242 2538 ot

129 2579 170 2638 bis
193 2603 231 2642 ex
256 2585 354 2642 verbis
378 2589 457 2656 patet
479 2602 534 2642 aua
556 2583 727 2641 Suetonium
750 2599 806 2640 oco
820 2583 964 2658 hausisse,
987 2582 1028 2642 ila
1048 2583 1125 2640 band
1149 2582 1242 2640 minus

130 2693 237 2747 certum
251 2696 314 2766 est,
338 2689 425 2748 aliam
439 2689 591 2746 Ciceronis
603 2690 699 2746 locum
715 2689 801 2746 etiam
815 2692 946 2747 &aecae
965 2691 1001 2747 ob
1018 2690 1119 2747 oculos
1138 2688 1242 2761 luisse,
1313 2681 1324 2700 ⁸

131 2794 210 2852 cuius
244 2811 282 2850 ex
310 2793 408 2850 verbis
438 2793 525 2849 etiam
551 2793 621 2850 illud
653 2792 816 2868 colligitur,
848 2793 923 2864 qnod
954 2793 1104 2850 admodum
1127 2792 1242 2863 planum

131 2895 241 2966 quidem
273 2895 350 2967 apud
382 2893 551 2952 Suetonium
582 2910 639 2952 non
667 2897 715 2968 tlt,
745 2894 796 2966 agi
819 2909 875 2950 noo
898 2895 935 2950 de
956 2893 1163 2952 declamatione
1184 2908 1243 2950 una

131 2997 232 3074 aliqua,
256 3015 342 3071 quam
365 3013 430 3054 oum
454 2997 545 3054 llirtio
568 3002 597 3053 et
619 2991 718 3054 Pansa'
738 2998 785 3053 vel
803 2997 955 3054 Dolabella
975 2997 1083 3056 Cicero
1103 2996 1243 3070 babuerit,

30 3165 31 3174 χ
130 3104 177 3158 sed
200 3104 240 3160 de
263 3101 473 3158 consuetudine
500 3100 680 3157 decla-andi
703 3099 759 3164 illis
789 3116 854 3158 con
878 3101 948 3159 viris
979 3102 1050 3158 inita
1072 3105 1103 3158 et
1126 3099 1242 3157 exerci-

30 3177 31 3195 Χ
131 3204 217 3264 citata
238 3205 366 3276 saepius.
390 3203 464 3271 Quid
488 3201 603 3276 igitur?
625 3206 721 3262 Semel
744 3211 861 3277 arrepto
883 3205 1052 3278 ignoramus
1073 3206 1150 3262 unde
1165 3207 1244 3262 Pac-

131 3325 179 3366 sae
210 3307 324 3368 nomiae
351 3323 404 3381 pro
426 3307 604 3381 Dolabellae,
636 3311 775 3368 Suetonio
798 3310 928 3381 proclive
951 3316 1014 3367 erat
1044 3311 1135 3369 errori
1158 3327 1244 3369 erro-

31 3393 33 3404 ’
131 3427 190 3472 rem
216 3413 323 3472 addere
345 3427 461 3483 novun,
491 3412 606 3469 duobus
627 3411 692 3468 istis
714 3412 848 3484 personis
877 3413 915 3469 ad
937 3414 1074 3486 temporis
1095 3415 1244 3489 rationem,

132 3530 204 3586 quae
227 3515 353 3574 notanda
376 3514 429 3588 ipsi
453 3514 621 3588 videbatur,
643 3515 825 3589 aliquatenus
846 3515 1067 3590 significandam
1084 3519 1245 3576 adiiciendo

133 3621 302 3679 consulatus
326 3620 368 3696 (a.
390 3637 419 3679 ιι.
444 3637 469 3679 c.
486 3618 562 3692 711)
585 3621 661 3678 illam
685 3625 779 3677 notam
803 3637 874 3680 eom
896 3625 1087 3700 conaob'boa,
1111 3638 1186 3695 quae
1208 3622 1244 3677 ad

133 3726 280 3782 veritatem
304 3741 389 3798 onam
411 3723 540 3796 proxime
562 3726 737 3800 accedebat,
760 3742 847 3797 ouum
872 3726 1041 3784 Ciceronem
1064 3741 1128 3781 cum
1152 3724 1245 3780 llirtic

132 3835 159 3884 et
177 3829 330 3887 Dolabella
353 3827 557 3884 declamitasse
578 3847 606 3888 a.
629 3845 657 3885 u.
681 3845 707 3888 c.
732 3828 794 3886 708
817 3833 974 3886 constaret.
997 3830 1095 3900 Atque
1107 3827 1246 3884 Suetonio

132 3933 301 3990 consulatus
325 3931 372 3987 ille
395 3929 479 3987 llirlii
502 3935 531 3985 et
554 3933 667 3987 Pansae
688 3947 723 3988 eo
745 3931 860 3989 facilins
883 3932 910 3988 in
933 3936 1054 3989 mentem
1077 3930 1175 3988 venire
1190 3932 1246 3988 de-

30 4065 32 4072 >
132 4034 247 4110 buerat,
277 4052 334 4107 quc
366 4035 428 4106 ipse
458 4034 629 4090 consulatus
663 4034 834 4093 celebratior
863 4041 968 4094 luerat.
1010 4038 1113 4106 ltaque
1136 4039 1245 4092 lantum

133 4143 215 4199 abest
238 4146 270 4198 ut
292 4141 320 4200 in
343 4140 496 4197 verborum
519 4139 664 4211 scriptura
686 4139 778 4211 spurii
806 4139 960 4211 quidquam
982 4138 1079 4194 inesse
1102 4154 1245 4212 censeam,
1274 4225 1282 4236 ί

133 4251 163 4302 ut
191 4261 247 4304 raon
270 4245 422 4302 dubitarim
453 4245 540 4303 verba
565 4259 635 4301 cont
662 4244 839 4301 consulibua
869 4257 934 4298 cam
964 4239 1029 4314 ipso
1051 4241 1167 4300 Pansae
1189 4257 1245 4297 oo-
