3038 5032
686 381 981 460 -xxvlss

281 553 371 618 sensi
394 551 516 618 sodalis
538 550 666 614 nomine
689 549 848 634 quondam
871 547 1066 634 adscriptus,
1091 567 1190 633 quum
1211 543 1406 610 studiorum

281 675 398 722 caussa
433 652 576 720 Berolini
606 673 634 718 a.
668 653 751 720 1850
784 652 993 733 versabatur,
1028 671 1046 714 a
1078 670 1129 716 me
1159 657 1293 734 rogatus
1316 666 1406 712 con·

280 757 352 826 tulit
373 768 406 824 et
428 778 553 824 mecum
578 778 641 842 qua
674 757 733 824 fuit
762 775 840 842 erga
869 774 920 818 me
939 753 1027 818 bona
1057 750 1222 816 voluntate
1250 769 1406 814 commu·

281 861 410 942 micavit,
434 860 546 926 labore
569 859 631 924 boc
654 860 824 946 diligenter
846 867 979 945 peracto
1002 869 1033 922 et
1057 855 1096 921 de
1120 876 1171 921 me
1194 849 1293 937 ct'des
1308 855 1404 920 litte·

280 967 326 1031 ris
347 966 428 1050 ipsis
451 964 535 1029 benc
557 964 702 1030 meritus:

344 1167 481 1236 Tantum
513 1169 554 1236 de
584 1171 761 1241 codicibus.
781 1243 783 1250 ,
806 1173 860 1238 Ad
882 1172 982 1237 libros
1012 1171 1192 1252 impressos
1216 1169 1401 1234 transituro

280 1273 357 1339 milri
383 1293 445 1338 una
476 1275 517 1339 de
546 1274 686 1341 editione
709 1276 808 1341 verba
841 1275 986 1341 iacienda
1009 1283 1101 1356 suut,
1135 1292 1219 1358 quac
1247 1291 1288 1334 ex
1311 1273 1401 1336 anti-

279 1377 448 1463 quioribus
471 1378 542 1444 sola
564 1390 696 1464 praesto
719 1380 795 1462 suit,
818 1383 851 1445 in
873 1377 952 1445 bibl.
979 1375 1185 1464 Gottingensi
1206 1387 1398 1443 asservata:

280 1502 376 1568 quam
399 1484 542 1568 amicus,
577 1485 731 1570 numquid
754 1487 957 1572 antiquorum
980 1481 1201 1566 exemplorum
1225 1482 1257 1548 in
1281 1483 1399 1566 supel-

277 1585 376 1652 lectili
403 1584 456 1650 illa
485 1587 660 1651 litterarum
690 1589 937 1655 instructissima
965 1588 1096 1653 adesset
1127 1606 1144 1650 a
1169 1607 1220 1650 me
1242 1597 1396 1672 rogatus,

243 1761 245 1774 Ι
278 1687 452 1752 liberaliter
479 1708 605 1754 mecum
640 1693 904 1774 communicavit,
933 1691 1039 1762 indice
1072 1693 1162 1772 anni,
1192 1687 1271 1772 loci,
1296 1700 1396 1776 typo-

277 1790 390 1875 graphi
414 1788 616 1856 destitutam:
649 1793 742 1858 cuius
766 1792 806 1858 de
829 1795 954 1880 origine
977 1804 1009 1858 et
1031 1794 1222 1860 auctoritate
1245 1791 1394 1856 haerenti

278 1898 437 1964 succurrit
459 1895 622 1962 adnotatio
646 1895 839 1984 exemplaris
861 1899 1029 1968 involucro
1052 1897 1183 1983 plumbo
1206 1897 1392 1981 adscripta:

280 1998 449 2086 „Venetiis
472 2021 531 2086 per
554 1999 657 2065 Nicol.
681 1999 862 2068 Jensonum
884 2003 969 2067 circa
993 2022 1022 2068 a.
1048 2001 1165 2085 1471“‚
1189 1998 1319 2066 laudato
1344 1999 1393 2064 si·

278 2101 344 2168 rnul
367 2101 545 2190 Catalogue
578 2103 619 2167 de
650 2104 680 2170 la
708 2102 784 2168 bibl.
813 2103 853 2170 dc
878 2103 1248 2192 ssotognaro-crevenua
1271 2099 1307 2168 T.
1332 2098 1391 2166 lv.

277 2229 307 2292 p.
331 2207 404 2273 218.
438 2209 490 2274 Ac
512 2229 580 2272 rein
601 2207 646 2274 ita
667 2207 790 2274 habere
812 2210 952 2294 cognovi
968 2207 1124 2296 catalogo
1148 2208 1203 2275 illo
1225 2200 1389 2292 inspecto,

277 2314 370 2380 cuius
392 2311 491 2379 verba
519 2313 743 2391 transcribam,
773 2312 967 2398 exemplaris
995 2313 1090 2380 huius
1110 2313 1275 2380 rarissimi
1304 2313 1391 2376 noti·

236 2479 239 2485 .
270 2419 353 2482 'tiam
375 2416 556 2484 luculenter
577 2419 618 2482 ita
642 2417 843 2483 exhibentia:

380 2521 498 2602 ,,7335.
522 2519 668 2586 Suetonii
690 2519 867 2608 Tranquilli
893 2522 939 2588 de
963 2521 1185 2588 Grammaticis
1214 2534 1246 2585 et
1267 2520 1392 2586 Rheto-

304 2629 308 2636 '
339 2625 343 2633 ’
379 2621 469 2688 ribus
500 2621 687 2690 clarissimis
711 2624 863 2691 Libellus.
908 2627 986 2691 Sine
1008 2647 1106 2708 nnnc,
1141 2625 1225 2698 loco,
1242 2632 1275 2691 et
1295 2633 1391 2714 typo·

376 2723 505 2818 qmpbo
526 2725 600 2808 (sed
620 2723 753 2792 Venetiis
767 2747 829 2812 per
845 2728 1019 2795 llbcclaum
1037 2727 1172 2810 Jcnscn,
1187 2730 1274 2794 circa
1288 2729 1388 2810 1471)

347 2835 349 2840 '
379 2831 410 2896 in
433 2831 464 2897 4.
487 2827 549 2894 vel.
862 2915 864 2918 Ι

342 2935 388 2999 La
410 2932 533 2999 totalitd
563 2931 604 2998 dc
627 2954 665 2998 ce
687 2933 888 3000 volumeest
915 2934 956 2999 dc
981 2937 1029 3000 15.
1058 2935 1199 3001 feuillets
1221 2934 1388 3019 imprimes

278 3037 297 3102 h
320 3035 456 3122 langues
479 3034 583 3122 lignes
607 3036 648 3101 de
671 3037 722 3100 24.
746 3057 803 3101 sur
826 3039 966 3136 chaque*
978 3059 1062 3126 page
1085 3041 1217 3123 entidre,
1246 3052 1279 3116 et
1308 3059 1387 3106 saus

274 3125 421 3224 chiffres‚
444 3141 628 3224 signatures
651 3152 682 3206 et
705 3141 873 3208 reclames.
912 3189 917 3201 .

339 3243 363 3308 ll
392 3264 579 3310 commence
611 3265 673 3330 par
694 3244 714 3308 l’
743 3245 867 3311 intitule
896 3246 1058 3313 ci-dessus
1089 3247 1247 3315 distribue
1276 3269 1333 3314 sur
1356 3251 1403 3315 3..

272 3345 378 3434 lignes
400 3357 432 3412 et
453 3357 524 3413 tout
547 3368 588 3414 cn
608 3347 721 3414 lettres
743 3349 909 3433 capitales.

338 3449 381 3515 La
405 3449 553 3516 dernicre
575 3450 662 3538 ligne
686 3459 737 3518 cst
759 3471 885 3518 comme
907 3455 989 3518 suit:

448 3551 527 3618 cibo.
740 3551 851 3619 FlNlS
1058 3555 1207 3624 Attum

270 3655 361 3722 Haec
383 3655 499 3721 indicia
535 3655 730 3723 adamussim
761 3660 956 3724 conveniunt
992 3681 1065 3726 cum
1088 3661 1236 3746 exemplo
1261 3649 1385 3728 Gottin-

271 3763 375 3848 gensi,
400 3773 435 3824 ut
458 3779 555 3844 quum
580 3760 701 3825 nullum
724 3763 786 3826 iam
819 3763 1017 3850 relinquatur
1040 3764 1189 3848 dubium,
1220 3784 1284 3830 non
1308 3765 1385 3856 hae·

271 3863 434 3928 sitaverim
456 3861 612 3928 lectiones
635 3863 710 3929 inde
732 3865 845 3933 ductas
865 3879 940 3933 nuta
969 3865 1041 3935 Veh.
1059 3868 1242 3954 designare,
1263 3888 1304 3933 eo
1327 3871 1385 3936 mi·

188 4026 191 4036 .
271 3985 332 4032 nus
354 3967 565 4052 spernendam,
590 3967 712 4053 quoda
736 3969 823 4038 nullo
846 3983 956 4037 nostra
983 3973 1138 4037 memoria
1161 3973 1285 4038 editore
1312 3993 1383 4038 eam

271 4069 444 4136 editionem
459 4072 490 4137 in
504 4071 658 4139 subsidiis
678 4071 820 4141 habitam
839 4077 914 4142 vidi.
946 4073 1057 4160 Quid?
1082 4076 1168 4162 quod
1184 4098 1254 4142 eam
1269 4088 1385 4144 auctor

271 4193 426 4242 recensus
443 4175 617 4242 editionum
634 4175 782 4243 Suetonii
798 4179 989 4272 Bipontinus
1006 4180 1165 4266 ignoravit
1183 4201 1255 4247 cum
1269 4179 1383 4268 Hasio,
