3038 5032
577 414 733 491 ..35
785 457 837 474 ..

142 613 239 669 Runa
265 614 298 670 Ρ.
321 615 361 674 11.
388 629 418 684 p.
444 612 504 670 192
533 627 570 669 er
591 611 685 672 alters
712 607 874 682 antiquiore
901 593 1084 669 panem
1106 611 1170 668 ortu
1192 622 1261 668 esse

142 715 269 775 uidetur.
320 715 368 772 Gt·-
403 718 505 779 duret.
538 719 567 773 et
597 713 685 775 tirell.
716 715 754 772 ad
781 713 846 774 Cio.
877 728 930 784 pro
962 711 1026 774 Mil.
1060 712 1111 774 17.
1161 713 1261 784 Atque

142 822 318 878 lnlNVVll
345 822 512 880 SAeerdon'
542 819 616 893 lepis
646 835 692 890 ap.
723 817 862 876 oreliiun
894 816 980 874 Auel.
1019 814 1114 889 epigr.
1148 830 1177 888 p.
1208 813 1260 894 5¹2·

141 923 372 982 secunuorr
397 924 594 982 unnrvrno
625 921 781 994 roserrpno
808 921 837 978 ro
872 907 947 980 nun.
982 916 1048 976 ueri
1081 919 1147 977 inst.
1181 918 1260 978 aren.

143 1027 236 1084 teob.
260 1043 289 1098 p.
315 1027 385 1088 171.
426 1029 616 1098 Burmannus,
639 1021 689 1097 qui
710 1023 922 1096 Antiquitatum
947 1021 1159 1080 Lenuvinsrum
1185 1023 1262 1078 l’ar·

140 1135 200 1188 tem
230 1133 255 1190 1.
278 1131 421 1204 vulgasse
453 1129 574 1207 dieitur,
604 1129 682 1186 hune
703 1128 801 1186 loeum
832 1126 858 1184 si
880 1125 995 1204 attigit,
1025 1126 1094 1200 quid
1117 1124 1261 1202 statuerit,

77 1250 85 1258 ·
140 1251 149 1291 r
195 1252 258 1295 oro.
1247 1284 1251 1302 .

150 1244 194 1308 ἔῃ
207 1339 375 1416 generque]
411 1339 514 1412 Vulgo
541 1353 637 1412 qenes·
665 1338 787 1414 Qrointi,
829 1335 905 1408 quod
939 1335 1121 1396 retinuerunt
1155 1336 1260 1396 licro-

139 1447 204 1504 sius
229 1449 259 1502 et
279 1445 410 1520 iromus,
439 1444 488 1502 hie
510 1442 594 1515 quusi
620 1441 660 1498 ita
682 1441 710 1499 in
734 1444 766 1500 P.
789 1440 949 1514 legeretur.
985 1440 1132 1498 wolone:
1159 1442 1260 1516 „Gro·
1363 1448 1366 1461 ¹

140 1551 247 1607 novius
277 1549 395 1606 volebat
420 1563 591 1626 qenerque,
624 1545 699 1618 quod
722 1543 828 1616 probo:
858 1541 925 1601 item
956 1542 1141 1616 Oudendorp.
1166 1544 1257 1601 ERN.

140 1659 202 1714 lum
225 1655 329 1712 Carrio
350 1655 395 1710 siu
418 1653 586 1713 emendaret
608 1652 636 1708 in
660 1656 719 1709 aut.
734 1651 829 1708 Leott.
853 1650 877 1720 1,
896 1647 925 1708 8.
949 1647 1107 1706 verissime.
1145 1649 1261 1708 Lucios

137 1773 317 1830 praenomen
343 1758 410 1814 tuit·
429 1757 506 1813 Aelii
536 1755 722 1830 praeconini,
752 1771 808 1813 non
839 1755 969 1823 Quintus
998 1752 1052 1828 [V.
1076 1754 1194 1814 lleusde
1217 1755 1262 1814 lle

140 1862 227 1919 Aelio
258 1861 371 1920 Stilone
391 1878 421 1932 p.
444 1857 520 1938 3413
554 1875 591 1916 se
609 1859 710 1932 peulln
741 1865 809 1930 post
837 1857 941 1916 Aelius
963 1855 1011 1914 irie
1039 1857 1144 1923 dieitur
1166 1858 1261 1917 Servii
1343 1853 1348 1862 '

139 1963 260 2024 sueer.“
304 1964 442 2022 Proberit
464 1965 492 2020 in
517 1963 592 2022 notis
615 1963 754 2036 (breuius,
778 1967 836 2020 tum
860 1961 1043 2020 Ritsehelius
1059 1977 1175 2036 qnoque
1194 1965 1258 2021 Per.

139 2068 239 2129 Plaut.
269 2083 297 2138 p.
331 2066 401 2126 195.
447 2065 653 2138 comprobavit
680 2065 803 2139 deniqne
832 2066 894 2138 ipse
925 2067 986 2128 ΡΒ.
1017 2081 1082 2124 cum
1105 2069 1157 2143 Β.,
1186 2065 1260 2137 viem

140 2171 229 2228 etiam
260 2169 487 2229 monstrantibus
519 2173 584 2228 Par.
616 2174 646 2227 et
676 2149 775 2244 lieri,
803 2169 853 2242 qui
885 2171 918 2238 Q.
950 2169 1103 2248 exhibent,
1138 2185 1259 2242 prorsus

140 2273 245 2332 eodem
263 2289 377 2347 errore,
411 2287 495 2346 quem
518 2273 652 2333 librarios
675 2289 765 2344 supro
787 2289 902 2330 errasse
926 2272 1049 2332 vidimus
1071 2273 1099 2330 in
1128 2273 1259 2332 Vettius.-

141 2392 211 2452 qne.
258 2376 395 2436 Ceterum
417 2378 509 2450 Vsu„
525 2377 642 2451 pagius
664 2377 813 2446 desinente
835 2377 864 2432 in
887 2393 915 2436 v.
937 2391 1048 2452 qenes,
1077 2375 1106 2434 in
1128 2376 1261 2450 sequenti

142 2496 180 2538 ex
213 2479 397 2553 negligentia
430 2495 583 2552 opererum
610 2481 723 2554 pergit:
753 2454 985 2554 qrammotioam.
1024 2482 1058 2539 ln.
1093 2483 1190 2540 aelius
1223 2481 1259 2543 ln

140 2587 303 2642 mmne'nne
322 2599 416 2656 ρεπεν
439 2585 473 2653 Q.
495 2585 566 2642 uelit
585 2587 712 2644 Seruius
735 2587 867 2648 tudine.

111 2661 116 2674 “
208 2684 293 2761 narr]
318 2688 397 2749 narr.
421 2690 489 2746 etur.

206 2787 288 2869 sen]
312 2792 358 2850 ltu
380 2795 414 2854 Ρ.
438 2792 535 2850 Ceteri
558 2807 658 2851 omnes
679 2792 744 2850 libri
769 2795 904 2853 Seruius.

208 2892 346 2969 Clodius]
384 2897 430 2953 lte
458 2895 570 2956 Plinius
600 2911 725 2969 quoque.
778 2897 882 2956 Ciuern
918 2911 982 2955 oum
1012 2894 1077 2954 eliis
1106 2893 1259 2954 claudium

141 2999 279 3058 nominat.
325 3001 378 3060 Gt..
396 3001 515 3061 fleusde
536 3003 554 3059 l.
577 3002 598 3067 Ι.
619 3018 647 3074 p.
670 3000 722 3062 45.

207 3105 316 3181 eques]
340 3107 435 3163 Abest
456 3106 492 3163 ab
515 3123 572 3165 uuo
592 3109 651 3168 Ms.
673 3106 767 3168 stetit.

205 3208 369 3286 Romanus]
393 3211 452 3268 ΡΒ.
475 3213 530 3269 lle.
549 3214 619 3274 Par.
641 3213 686 3286 ἧς
714 3209 917 3283 eompendioue
939 3215 1071 3283 uterque.

206 3330 240 3370 re
254 3310 385 3391 publiea]
409 3315 469 3376 en.
493 3332 516 3376 r.
536 3333 568 3389 p.
591 3317 667 3374 Ven.
690 3329 777 3388 repet.

200 3419 342 3492 multique
365 3420 490 3498 severii
508 3417 578 3499 ete]
605 3421 672 3479 Vim
692 3421 795 3480 norun
816 3419 968 3479 verborum
991 3419 1138 3478 illustrare
1159 3419 1258 3478 studet

140 3525 291 3582 lleusdius
312 3524 333 3580 l.
346 3526 376 3584 l.
399 3537 427 3597 p.
449 3525 491 3582 47
512 3542 556 3598 sq.

536 3693 728 3789 titul
771 3691 853 3779 lll

208 3835 236 3894 1.
260 3829 378 3912 Aelius]
409 3835 473 3892 Par.
504 3849 569 3893 eum
600 3837 684 3900 llsrl.
713 3839 816 3915 ltilius,
850 3833 957 3893 omisso
987 3829 1175 3906 praenomine
1196 3832 1253 3911 In,

139 3939 216 4011 quod
240 3939 335 4012 vulgo
357 3937 562 4015 praemittitur,
595 3941 633 3996 ed
655 3939 817 3998 Berusium
839 3955 944 4018 usqne
967 3940 1129 4009 servetnmq
1153 3934 1257 3994 omittit

140 4047 168 4098 et
187 4046 222 4100 Ρ.
250 4047 281 4099 et
302 4045 393 4100 Voss
414 4057 481 4100 oum
501 4044 578 4105 ven.
600 4045 714 4102 Reete:
737 4043 869 4116 quonism
884 4043 1000 4115 plenum
1014 4037 1137 4098 bominis
1153 4055 1256 4102 nomeu

139 4145 192 4202 iam
215 4147 367 4204 laudatum
388 4144 451 4206 init.
494 4146 611 4205 Retinet
640 4148 674 4204 ll.
771 4211 774 4223 Ι

201 4247 400 4323 Ρηοοοιιίιῐε]
428 4251 536 4308 Veram
563 4251 639 4308 beno
674 4249 797 4308 nominis
819 4253 939 4308 toruum
961 4251 1112 4322 praestan
1133 4251 1165 4308 Ρ.
1189 4251 1255 4312 Ρη.

1004 4347 1037 4399 3.
