<?xml version="1.0" encoding="UTF-8"?>
<!DOCTYPE html PUBLIC "-//W3C//DTD XHTML 1.0 Transitional//EN"
    "http://www.w3.org/TR/xhtml1/DTD/xhtml1-transitional.dtd">
<html xmlns="http://www.w3.org/1999/xhtml" xml:lang="en" lang="en">
 <head>
  <title>
</title>
<meta http-equiv="Content-Type" content="text/html;charset=utf-8" />
  <meta name='ocr-system' content='tesseract 3.04.00' />
  <meta name='ocr-capabilities' content='ocr_page ocr_carea ocr_par ocr_line ocrx_word'/>
</head>
<body>
  <div class='ocr_page' id='page_1' title='image "./csuetoniitranqu03suetgoog_0031.png"; bbox 0 0 3038 5032; ppageno 0'>
   <div class='ocr_carea' id='block_1_1' title="bbox 657 383 953 458">
    <p class='ocr_par' dir='ltr' id='par_1_1' title="bbox 657 383 953 458">
     <span class='ocr_line' id='line_1_1' title="bbox 657 383 953 458; baseline 0.003 -20"><span class='ocrx_word' id='word_1_1' title='bbox 657 383 953 458; x_wconf 59' lang='grc' dir='ltr'><em>..Μ-’-</em></span> 
     </span>
    </p>
   </div>
   <div class='ocr_carea' id='block_1_2' title="bbox 206 563 1434 2518">
    <p class='ocr_par' dir='ltr' id='par_1_2' title="bbox 206 563 1434 2518">
     <span class='ocr_line' id='line_1_2' title="bbox 252 563 1387 656; baseline 0.005 -24"><span class='ocrx_word' id='word_1_2' title='bbox 252 563 410 632; x_wconf 80' lang='lat' dir='ltr'><strong>madveeti</strong></span> <span class='ocrx_word' id='word_1_3' title='bbox 426 565 674 653; x_wconf 81' lang='lat' dir='ltr'><strong>Casaubonom,</strong></span> <span class='ocrx_word' id='word_1_4' title='bbox 698 569 791 636; x_wconf 89' lang='lat' dir='ltr'><strong>cuius</strong></span> <span class='ocrx_word' id='word_1_5' title='bbox 809 569 911 636; x_wconf 80' lang='lat' dir='ltr'><strong>verba</strong></span> <span class='ocrx_word' id='word_1_6' title='bbox 931 589 1029 656; x_wconf 76' lang='lat' dir='ltr'><strong>snpra</strong></span> <span class='ocrx_word' id='word_1_7' title='bbox 1051 571 1222 656; x_wconf 78' lang='lat' dir='ltr'><strong>exscripsi,</strong></span> <span class='ocrx_word' id='word_1_8' title='bbox 1245 571 1387 638; x_wconf 80' lang='lat' dir='ltr'><strong>diserte</strong></span> 
     </span>
     <span class='ocr_line' id='line_1_3' title="bbox 252 667 1384 764; baseline 0.005 -29"><span class='ocrx_word' id='word_1_9' title='bbox 252 679 351 736; x_wconf 82' lang='lat' dir='ltr'><strong>unum</strong></span> <span class='ocrx_word' id='word_1_10' title='bbox 369 667 410 734; x_wconf 89' lang='lat' dir='ltr'><strong>ab</strong></span> <span class='ocrx_word' id='word_1_11' title='bbox 419 670 521 736; x_wconf 83' lang='lat' dir='ltr'><strong>altero</strong></span> <span class='ocrx_word' id='word_1_12' title='bbox 537 693 719 738; x_wconf 77' lang='lat' dir='ltr'>secernere.</span> <span class='ocrx_word' id='word_1_13' title='bbox 733 673 835 760; x_wconf 86' lang='lat' dir='ltr'>Atqui</span> <span class='ocrx_word' id='word_1_14' title='bbox 850 671 1064 739; x_wconf 71' lang='lat' dir='ltr'><strong>casaubonus</strong></span> <span class='ocrx_word' id='word_1_15' title='bbox 1080 675 1194 740; x_wconf 81' lang='lat' dir='ltr'><strong>honum</strong></span> <span class='ocrx_word' id='word_1_16' title='bbox 1206 675 1384 764; x_wconf 86' lang='lat' dir='ltr'><strong>codicum,</strong></span> 
     </span>
     <span class='ocr_line' id='line_1_4' title="bbox 253 775 1386 866; baseline 0.004 -26"><span class='ocrx_word' id='word_1_17' title='bbox 253 793 390 860; x_wconf 76' lang='lat' dir='ltr'><strong>quocum</strong></span> <span class='ocrx_word' id='word_1_18' title='bbox 410 786 556 840; x_wconf 78' lang='lat' dir='ltr'><strong>neutrum</strong></span> <span class='ocrx_word' id='word_1_19' title='bbox 572 775 647 860; x_wconf 83' lang='lat' dir='ltr'><strong>ipse</strong></span> <span class='ocrx_word' id='word_1_20' title='bbox 660 777 810 860; x_wconf 80' lang='lat' dir='ltr'><strong>inspexit,</strong></span> <span class='ocrx_word' id='word_1_21' title='bbox 834 777 1057 864; x_wconf 79' lang='lat' dir='ltr'><strong>lectionesque</strong></span> <span class='ocrx_word' id='word_1_22' title='bbox 1073 800 1131 862; x_wconf 83' lang='lat' dir='ltr'><strong>pen</strong></span> <span class='ocrx_word' id='word_1_23' title='bbox 1152 777 1386 866; x_wconf 81' lang='lat' dir='ltr'><strong>Bongaesium</strong></span> 
     </span>
     <span class='ocr_line' id='line_1_5' title="bbox 253 866 1386 967; baseline 0.005 -25"><span class='ocrx_word' id='word_1_24' title='bbox 253 897 347 942; x_wconf 89' lang='lat' dir='ltr'><strong>suum</strong></span> <span class='ocrx_word' id='word_1_25' title='bbox 360 897 470 942; x_wconf 87' lang='lat' dir='ltr'><strong>seeum</strong></span> <span class='ocrx_word' id='word_1_26' title='bbox 484 866 777 961; x_wconf 75' lang='lat' dir='ltr'><strong>communicatas*)</strong></span> <span class='ocrx_word' id='word_1_27' title='bbox 791 881 913 964; x_wconf 87' lang='lat' dir='ltr'><strong>passim</strong></span> <span class='ocrx_word' id='word_1_28' title='bbox 928 901 989 945; x_wconf 88' lang='lat' dir='ltr'><strong>una</strong></span> <span class='ocrx_word' id='word_1_29' title='bbox 1006 899 1089 946; x_wconf 88' lang='lat' dir='ltr'><strong>voce</strong></span> <span class='ocrx_word' id='word_1_30' title='bbox 1103 883 1269 967; x_wconf 77' lang='lat' dir='ltr'><strong>„scriptae</strong></span> <span class='ocrx_word' id='word_1_31' title='bbox 1279 883 1386 949; x_wconf 87' lang='lat' dir='ltr'><strong>lecti-</strong></span> 
     </span>
     <span class='ocr_line' id='line_1_6' title="bbox 253 979 1383 1069; baseline 0.008 -26"><span class='ocrx_word' id='word_1_32' title='bbox 253 979 350 1044; x_wconf 83' lang='lat' dir='ltr'><strong>onis“</strong></span> <span class='ocrx_word' id='word_1_33' title='bbox 362 979 415 1044; x_wconf 87' lang='lat' dir='ltr'><strong>vel</strong></span> <span class='ocrx_word' id='word_1_34' title='bbox 427 979 606 1063; x_wconf 77' lang='lat' dir='ltr'><strong>„librorum</strong></span> <span class='ocrx_word' id='word_1_35' title='bbox 621 981 854 1068; x_wconf 81' lang='lat' dir='ltr'><strong>scriptorum“,</strong></span> <span class='ocrx_word' id='word_1_36' title='bbox 866 984 962 1048; x_wconf 90' lang='lat' dir='ltr'><strong>simul</strong></span> <span class='ocrx_word' id='word_1_37' title='bbox 973 995 1166 1069; x_wconf 78' lang='lat' dir='ltr'><strong>ceterorum,</strong></span> <span class='ocrx_word' id='word_1_38' title='bbox 1177 983 1277 1050; x_wconf 86' lang='lat' dir='ltr'><strong>veluti</strong></span> <span class='ocrx_word' id='word_1_39' title='bbox 1286 985 1383 1052; x_wconf 81' lang='lat' dir='ltr'><strong>Acb.</strong></span> 
     </span>
     <span class='ocr_line' id='line_1_7' title="bbox 253 1081 1384 1175; baseline 0.005 -27"><span class='ocrx_word' id='word_1_40' title='bbox 253 1081 358 1164; x_wconf 84' lang='lat' dir='ltr'><strong>Statii,</strong></span> <span class='ocrx_word' id='word_1_41' title='bbox 381 1084 506 1147; x_wconf 84' lang='lat' dir='ltr'><strong>natione</strong></span> <span class='ocrx_word' id='word_1_42' title='bbox 525 1083 633 1149; x_wconf 88' lang='lat' dir='ltr'><strong>habita</strong></span> <span class='ocrx_word' id='word_1_43' title='bbox 651 1083 815 1169; x_wconf 78' lang='lat' dir='ltr'><strong>appellare</strong></span> <span class='ocrx_word' id='word_1_44' title='bbox 832 1087 970 1171; x_wconf 79' lang='lat' dir='ltr'><strong>videtne,</strong></span> <span class='ocrx_word' id='word_1_45' title='bbox 994 1081 1116 1172; x_wconf 86' lang='lat' dir='ltr'><strong>passim</strong></span> <span class='ocrx_word' id='word_1_46' title='bbox 1132 1108 1193 1170; x_wconf 84' lang='lat' dir='ltr'><strong>suo</strong></span> <span class='ocrx_word' id='word_1_47' title='bbox 1208 1097 1384 1175; x_wconf 71' lang='lat' dir='ltr'><strong>quemque</strong></span> 
     </span>
     <span class='ocr_line' id='line_1_8' title="bbox 253 1185 1385 1284; baseline 0.006 -32"><span class='ocrx_word' id='word_1_48' title='bbox 253 1187 382 1252; x_wconf 89' lang='lat' dir='ltr'><strong>nomine</strong></span> <span class='ocrx_word' id='word_1_49' title='bbox 398 1185 562 1252; x_wconf 87' lang='lat' dir='ltr'><strong>laudatum</strong></span> <span class='ocrx_word' id='word_1_50' title='bbox 579 1189 666 1254; x_wconf 91' lang='lat' dir='ltr'><strong>iuxta</strong></span> <span class='ocrx_word' id='word_1_51' title='bbox 681 1189 825 1274; x_wconf 92' lang='lat' dir='ltr'><strong>apponit,</strong></span> <span class='ocrx_word' id='word_1_52' title='bbox 847 1191 947 1256; x_wconf 88' lang='lat' dir='ltr'><strong>veluti</strong></span> <span class='ocrx_word' id='word_1_53' title='bbox 963 1212 991 1257; x_wconf 91' lang='lat' dir='ltr'><strong>c.</strong></span> <span class='ocrx_word' id='word_1_54' title='bbox 1009 1193 1030 1256; x_wconf 78' lang='lat'>2</span> <span class='ocrx_word' id='word_1_55' title='bbox 1048 1191 1269 1284; x_wconf 64' lang='lat' dir='ltr'><strong>Philocomum,</strong></span> <span class='ocrx_word' id='word_1_56' title='bbox 1282 1215 1310 1259; x_wconf 92' lang='lat' dir='ltr'><strong>c.</strong></span> <span class='ocrx_word' id='word_1_57' title='bbox 1332 1195 1385 1259; x_wconf 84' lang='lat'><strong>18</strong></span> 
     </span>
     <span class='ocr_line' id='line_1_9' title="bbox 254 1291 1429 1380; baseline 0.007 -25"><span class='ocrx_word' id='word_1_58' title='bbox 254 1291 366 1373; x_wconf 76' lang='lat' dir='ltr'><strong>Secti,</strong></span> <span class='ocrx_word' id='word_1_59' title='bbox 388 1291 442 1356; x_wconf 86' lang='lat' dir='ltr'><strong>vel</strong></span> <span class='ocrx_word' id='word_1_60' title='bbox 463 1291 675 1357; x_wconf 87' lang='lat' dir='ltr'><strong>Pithoeancm</strong></span> <span class='ocrx_word' id='word_1_61' title='bbox 697 1294 796 1358; x_wconf 87' lang='lat' dir='ltr'><strong>etiam</strong></span> <span class='ocrx_word' id='word_1_62' title='bbox 817 1293 1019 1380; x_wconf 83' lang='lat' dir='ltr'><strong>singulatim,</strong></span> <span class='ocrx_word' id='word_1_63' title='bbox 1032 1292 1074 1362; x_wconf 84' lang='lat' dir='ltr'><strong>&#39;c.</strong></span> <span class='ocrx_word' id='word_1_64' title='bbox 1097 1299 1118 1362; x_wconf 80' lang='lat'>2</span> <span class='ocrx_word' id='word_1_65' title='bbox 1140 1303 1381 1364; x_wconf 77' lang='lat' dir='ltr'><strong>retractarent.</strong></span> <span class='ocrx_word' id='word_1_66' title='bbox 1425 1321 1429 1326; x_wconf 88' lang='lat'>·</span> 
     </span>
     <span class='ocr_line' id='line_1_10' title="bbox 256 1391 1383 1484; baseline 0.004 -22"><span class='ocrx_word' id='word_1_67' title='bbox 256 1391 299 1462; x_wconf 89' lang='lat' dir='ltr'><strong>Ut</strong></span> <span class='ocrx_word' id='word_1_68' title='bbox 319 1405 407 1482; x_wconf 88' lang='lat' dir='ltr'><strong>patet</strong></span> <span class='ocrx_word' id='word_1_69' title='bbox 430 1396 528 1484; x_wconf 75' lang='lat' dir='ltr'><strong>igitur</strong></span> <span class='ocrx_word' id='word_1_70' title='bbox 551 1397 700 1463; x_wconf 79' lang='lat' dir='ltr'><strong>diversos</strong></span> <span class='ocrx_word' id='word_1_71' title='bbox 724 1417 800 1464; x_wconf 89' lang='lat' dir='ltr'><strong>esse</strong></span> <span class='ocrx_word' id='word_1_72' title='bbox 821 1397 923 1464; x_wconf 75' lang='lat' dir='ltr'><strong>libros</strong></span> <span class='ocrx_word' id='word_1_73' title='bbox 952 1395 1163 1464; x_wconf 89' lang='lat' dir='ltr'><strong>Petaviauum</strong></span> <span class='ocrx_word' id='word_1_74' title='bbox 1189 1409 1220 1467; x_wconf 85' lang='lat' dir='ltr'><strong>ct</strong></span> <span class='ocrx_word' id='word_1_75' title='bbox 1243 1399 1383 1466; x_wconf 82' lang='lat' dir='ltr'><strong>Pithoe-</strong></span> 
     </span>
     <span class='ocr_line' id='line_1_11' title="bbox 256 1491 1383 1588; baseline 0.003 -23"><span class='ocrx_word' id='word_1_76' title='bbox 256 1519 364 1584; x_wconf 90' lang='lat' dir='ltr'><strong>anum,</strong></span> <span class='ocrx_word' id='word_1_77' title='bbox 387 1491 430 1566; x_wconf 84' lang='lat' dir='ltr'><strong>ita</strong></span> <span class='ocrx_word' id='word_1_78' title='bbox 454 1511 607 1586; x_wconf 79' lang='lat' dir='ltr'><strong>uterquc,</strong></span> <span class='ocrx_word' id='word_1_79' title='bbox 631 1514 787 1586; x_wconf 87' lang='lat' dir='ltr'><strong>quantum</strong></span> <span class='ocrx_word' id='word_1_80' title='bbox 811 1501 941 1588; x_wconf 89' lang='lat' dir='ltr'><strong>quidem</strong></span> <span class='ocrx_word' id='word_1_81' title='bbox 964 1522 1004 1568; x_wconf 90' lang='lat' dir='ltr'><strong>ex</strong></span> <span class='ocrx_word' id='word_1_82' title='bbox 1028 1523 1100 1567; x_wconf 82' lang='lat' dir='ltr'><strong>nana</strong></span> <span class='ocrx_word' id='word_1_83' title='bbox 1122 1501 1296 1569; x_wconf 84' lang='lat' dir='ltr'><strong>lectionum</strong></span> <span class='ocrx_word' id='word_1_84' title='bbox 1320 1503 1383 1568; x_wconf 83' lang='lat' dir='ltr'><strong>I&#39;i-</strong></span> 
     </span>
     <span class='ocr_line' id='line_1_12' title="bbox 256 1603 1382 1690; baseline 0.004 -20"><span class='ocrx_word' id='word_1_85' title='bbox 256 1603 387 1670; x_wconf 88' lang='lat' dir='ltr'><strong>thoeani</strong></span> <span class='ocrx_word' id='word_1_86' title='bbox 410 1607 572 1670; x_wconf 78' lang='lat' dir='ltr'><strong>mentione</strong></span> <span class='ocrx_word' id='word_1_87' title='bbox 602 1603 738 1670; x_wconf 81' lang='lat' dir='ltr'><strong>iudicari</strong></span> <span class='ocrx_word' id='word_1_88' title='bbox 760 1603 854 1688; x_wconf 87' lang='lat' dir='ltr'><strong>licet,</strong></span> <span class='ocrx_word' id='word_1_89' title='bbox 884 1616 1054 1690; x_wconf 74' lang='lat' dir='ltr'><strong>tantopere</strong></span> <span class='ocrx_word' id='word_1_90' title='bbox 1082 1607 1226 1671; x_wconf 82' lang='lat' dir='ltr'><strong>intense</strong></span> <span class='ocrx_word' id='word_1_91' title='bbox 1250 1606 1382 1674; x_wconf 85' lang='lat' dir='ltr'><strong>discre-</strong></span> 
     </span>
     <span class='ocr_line' id='line_1_13' title="bbox 255 1705 1434 1795; baseline -0.002 -21"><span class='ocrx_word' id='word_1_92' title='bbox 255 1719 344 1793; x_wconf 88' lang='lat' dir='ltr'><strong>pant,</strong></span> <span class='ocrx_word' id='word_1_93' title='bbox 368 1716 402 1771; x_wconf 91' lang='lat' dir='ltr'><strong>ut</strong></span> <span class='ocrx_word' id='word_1_94' title='bbox 420 1705 564 1771; x_wconf 84' lang='lat' dir='ltr'><strong>dumille</strong></span> <span class='ocrx_word' id='word_1_95' title='bbox 581 1727 654 1772; x_wconf 90' lang='lat' dir='ltr'><strong>eum</strong></span> <span class='ocrx_word' id='word_1_96' title='bbox 673 1707 849 1773; x_wconf 82' lang='lat' dir='ltr'><strong>Panisiensi</strong></span> <span class='ocrx_word' id='word_1_97' title='bbox 872 1708 1064 1795; x_wconf 82' lang='lat' dir='ltr'><strong>plenumque</strong></span> <span class='ocrx_word' id='word_1_98' title='bbox 1082 1711 1254 1795; x_wconf 83' lang='lat' dir='ltr'><strong>consentit,</strong></span> <span class='ocrx_word' id='word_1_99' title='bbox 1277 1711 1381 1778; x_wconf 84' lang='lat' dir='ltr'><strong>huius</strong></span> <span class='ocrx_word' id='word_1_100' title='bbox 1431 1765 1434 1772; x_wconf 89' lang='lat'>.</span> 
     </span>
     <span class='ocr_line' id='line_1_14' title="bbox 257 1808 1381 1898; baseline 0.003 -22"><span class='ocrx_word' id='word_1_101' title='bbox 257 1809 401 1876; x_wconf 87' lang='lat' dir='ltr'><strong>conditio</strong></span> <span class='ocrx_word' id='word_1_102' title='bbox 432 1808 529 1894; x_wconf 87' lang='lat' dir='ltr'><strong>plane</strong></span> <span class='ocrx_word' id='word_1_103' title='bbox 558 1808 732 1895; x_wconf 79' lang='lat' dir='ltr'><strong>singularis</strong></span> <span class='ocrx_word' id='word_1_104' title='bbox 755 1811 813 1895; x_wconf 88' lang='lat' dir='ltr'><strong>sit,</strong></span> <span class='ocrx_word' id='word_1_105' title='bbox 843 1811 1103 1898; x_wconf 88' lang='lat' dir='ltr'><strong>quandoquidem</strong></span> <span class='ocrx_word' id='word_1_106' title='bbox 1131 1811 1160 1878; x_wconf 90' lang='lat' dir='ltr'><strong>is</strong></span> <span class='ocrx_word' id='word_1_107' title='bbox 1180 1833 1244 1879; x_wconf 92' lang='lat' dir='ltr'><strong>non</strong></span> <span class='ocrx_word' id='word_1_108' title='bbox 1267 1812 1381 1879; x_wconf 87' lang='lat' dir='ltr'><strong>solum</strong></span> 
     </span>
     <span class='ocr_line' id='line_1_15' title="bbox 256 1911 1380 2001; baseline 0.002 -21"><span class='ocrx_word' id='word_1_109' title='bbox 256 1912 373 1980; x_wconf 84' lang='lat' dir='ltr'><strong>aPan.</strong></span> <span class='ocrx_word' id='word_1_110' title='bbox 396 1911 456 1977; x_wconf 89' lang='lat' dir='ltr'><strong>sed</strong></span> <span class='ocrx_word' id='word_1_111' title='bbox 481 1914 577 1978; x_wconf 88' lang='lat' dir='ltr'><strong>etiam</strong></span> <span class='ocrx_word' id='word_1_112' title='bbox 600 1933 618 1978; x_wconf 90' lang='lat' dir='ltr'><strong>a</strong></span> <span class='ocrx_word' id='word_1_113' title='bbox 642 1915 761 1980; x_wconf 79' lang='lat' dir='ltr'><strong>cetenis</strong></span> <span class='ocrx_word' id='word_1_114' title='bbox 785 1914 881 1983; x_wconf 82' lang='lat' dir='ltr'><strong>codd.</strong></span> <span class='ocrx_word' id='word_1_115' title='bbox 903 1915 946 1981; x_wconf 92' lang='lat' dir='ltr'><strong>ita</strong></span> <span class='ocrx_word' id='word_1_116' title='bbox 971 1914 1120 2001; x_wconf 84' lang='lat' dir='ltr'><strong>discedit,</strong></span> <span class='ocrx_word' id='word_1_117' title='bbox 1144 1927 1179 1981; x_wconf 93' lang='lat' dir='ltr'><strong>ut</strong></span> <span class='ocrx_word' id='word_1_118' title='bbox 1201 1915 1380 1982; x_wconf 84' lang='lat' dir='ltr'><strong>nonnullas</strong></span> 
     </span>
     <span class='ocr_line' id='line_1_16' title="bbox 256 2015 1381 2103; baseline 0 -19"><span class='ocrx_word' id='word_1_119' title='bbox 256 2017 414 2084; x_wconf 84' lang='lat' dir='ltr'><strong>lectiones</strong></span> <span class='ocrx_word' id='word_1_120' title='bbox 437 2016 529 2082; x_wconf 87' lang='lat' dir='ltr'><strong>solus</strong></span> <span class='ocrx_word' id='word_1_121' title='bbox 552 2015 713 2083; x_wconf 84' lang='lat' dir='ltr'><strong>exhibeat.</strong></span> <span class='ocrx_word' id='word_1_122' title='bbox 746 2015 1002 2084; x_wconf 84' lang='lat' dir='ltr'><strong>Cuius&#39;raticnis</strong></span> <span class='ocrx_word' id='word_1_123' title='bbox 1025 2017 1208 2102; x_wconf 84' lang='lat' dir='ltr'><strong>exemplum</strong></span> <span class='ocrx_word' id='word_1_124' title='bbox 1230 2029 1381 2103; x_wconf 81' lang='lat' dir='ltr'><strong>praestat</strong></span> 
     </span>
     <span class='ocr_line' id='line_1_17' title="bbox 206 2119 1381 2207; baseline 0.002 -21"><span class='ocrx_word' id='word_1_125' title='bbox 206 2125 217 2140; x_wconf 85' lang='lat'><em>&#39;</em></span> <span class='ocrx_word' id='word_1_126' title='bbox 259 2122 330 2188; x_wconf 88' lang='lat' dir='ltr'><strong>eius</strong></span> <span class='ocrx_word' id='word_1_127' title='bbox 360 2122 520 2205; x_wconf 76' lang='lat' dir='ltr'><strong>scriptura</strong></span> <span class='ocrx_word' id='word_1_128' title='bbox 552 2119 608 2186; x_wconf 78' lang='lat' dir='ltr'><strong>Gr.</strong></span> <span class='ocrx_word' id='word_1_129' title='bbox 637 2121 659 2183; x_wconf 74' lang='lat'>2</span> <span class='ocrx_word' id='word_1_130' title='bbox 688 2121 720 2185; x_wconf 93' lang='lat' dir='ltr'><strong>in</strong></span> <span class='ocrx_word' id='word_1_131' title='bbox 743 2120 852 2188; x_wconf 76' lang='lat' dir='ltr'><strong>verbis</strong></span> <span class='ocrx_word' id='word_1_132' title='bbox 878 2121 1046 2189; x_wconf 77' lang='lat' dir='ltr'><strong>Hactenus</strong></span> <span class='ocrx_word' id='word_1_133' title='bbox 1066 2130 1176 2207; x_wconf 80' lang='lat' dir='ltr'><strong>tomen</strong></span> <span class='ocrx_word' id='word_1_134' title='bbox 1197 2123 1313 2206; x_wconf 71' lang='lat' dir='ltr'><strong>imitati</strong></span> <span class='ocrx_word' id='word_1_135' title='bbox 1334 2155 1381 2170; x_wconf 89' lang='lat'>-</span> 
     </span>
     <span class='ocr_line' id='line_1_18' title="bbox 260 2219 1379 2314; baseline -0.001 -23"><span class='ocrx_word' id='word_1_136' title='bbox 260 2233 342 2314; x_wconf 81' lang='lat' dir='ltr'><strong>noto</strong></span> <span class='ocrx_word' id='word_1_137' title='bbox 359 2221 512 2312; x_wconf 77' lang='lat' dir='ltr'><strong>facerent</strong></span> <span class='ocrx_word' id='word_1_138' title='bbox 516 2247 533 2305; x_wconf 89' lang='lat'><em>;</em></span> <span class='ocrx_word' id='word_1_139' title='bbox 556 2222 640 2289; x_wconf 88' lang='lat' dir='ltr'><strong>adde</strong></span> <span class='ocrx_word' id='word_1_140' title='bbox 663 2224 750 2312; x_wconf 87' lang='lat' dir='ltr'><strong>quod</strong></span> <span class='ocrx_word' id='word_1_141' title='bbox 774 2245 801 2290; x_wconf 91' lang='lat' dir='ltr'><strong>c.</strong></span> <span class='ocrx_word' id='word_1_142' title='bbox 825 2226 847 2290; x_wconf 86' lang='grc'><strong>4</strong></span> <span class='ocrx_word' id='word_1_143' title='bbox 868 2245 929 2311; x_wconf 83' lang='lat' dir='ltr'><strong>pro</strong></span> <span class='ocrx_word' id='word_1_144' title='bbox 951 2227 1079 2290; x_wconf 81' lang='lat' dir='ltr'><strong>nomine</strong></span> <span class='ocrx_word' id='word_1_145' title='bbox 1101 2219 1231 2290; x_wconf 76' lang='lat' dir='ltr'><strong>exhibet</strong></span> <span class='ocrx_word' id='word_1_146' title='bbox 1259 2225 1379 2306; x_wconf 81' lang='lat' dir='ltr'><strong>Ronn,</strong></span> 
     </span>
     <span class='ocr_line' id='line_1_19' title="bbox 261 2321 1382 2414; baseline 0 -20"><span class='ocrx_word' id='word_1_147' title='bbox 261 2330 369 2394; x_wconf 86' lang='lat' dir='ltr'><strong>invitis</strong></span> <span class='ocrx_word' id='word_1_148' title='bbox 382 2327 475 2394; x_wconf 81' lang='lat' dir='ltr'><strong>libris</strong></span> <span class='ocrx_word' id='word_1_149' title='bbox 495 2329 613 2393; x_wconf 84' lang='lat' dir='ltr'><strong>cetenis</strong></span> <span class='ocrx_word' id='word_1_150' title='bbox 628 2329 800 2414; x_wconf 86' lang='lat' dir='ltr'><strong>omnibus3</strong></span> <span class='ocrx_word' id='word_1_151' title='bbox 822 2327 876 2394; x_wconf 87' lang='lat' dir='ltr'><strong>vel</strong></span> <span class='ocrx_word' id='word_1_152' title='bbox 895 2330 1135 2395; x_wconf 80' lang='lat' dir='ltr'><strong>intentissimum</strong></span> <span class='ocrx_word' id='word_1_153' title='bbox 1159 2321 1219 2412; x_wconf 82' lang='lat' dir='ltr'><strong>pn&#39;d</strong></span> <span class='ocrx_word' id='word_1_154' title='bbox 1237 2327 1382 2394; x_wconf 60' lang='lat' dir='ltr'><strong>maudi-</strong></span> 
     </span>
     <span class='ocr_line' id='line_1_20' title="bbox 263 2431 1382 2518; baseline -0.002 -20"><span class='ocrx_word' id='word_1_155' title='bbox 263 2431 416 2498; x_wconf 81' lang='lat' dir='ltr'><strong>iissimum</strong></span> <span class='ocrx_word' id='word_1_156' title='bbox 432 2454 460 2499; x_wconf 85' lang='lat' dir='ltr'><strong>c.</strong></span> <span class='ocrx_word' id='word_1_157' title='bbox 480 2432 522 2496; x_wconf 81' lang='lat'><strong>15</strong></span> <span class='ocrx_word' id='word_1_158' title='bbox 536 2431 627 2496; x_wconf 91' lang='lat' dir='ltr'><strong>solus</strong></span> <span class='ocrx_word' id='word_1_159' title='bbox 648 2443 802 2516; x_wconf 83' lang='lat' dir='ltr'><strong>praestat.</strong></span> <span class='ocrx_word' id='word_1_160' title='bbox 823 2431 912 2498; x_wconf 87' lang='lat' dir='ltr'><strong>Nolo</strong></span> <span class='ocrx_word' id='word_1_161' title='bbox 927 2431 1032 2516; x_wconf 80' lang='lat' dir='ltr'><strong>plura,</strong></span> <span class='ocrx_word' id='word_1_162' title='bbox 1045 2448 1142 2516; x_wconf 87' lang='lat' dir='ltr'><strong>quum</strong></span> <span class='ocrx_word' id='word_1_163' title='bbox 1163 2449 1246 2518; x_wconf 88' lang='lat' dir='ltr'><strong>quae</strong></span> <span class='ocrx_word' id='word_1_164' title='bbox 1258 2431 1382 2517; x_wconf 84' lang='lat' dir='ltr'><strong>protuli</strong></span> 
     </span>
    </p>
   </div>
   <div class='ocr_carea' id='block_1_3' title="bbox 263 2533 1499 2829">
    <p class='ocr_par' dir='ltr' id='par_1_3' title="bbox 263 2533 1499 2829">
     <span class='ocr_line' id='line_1_21' title="bbox 263 2533 1498 2621; baseline 0.001 -21"><span class='ocrx_word' id='word_1_165' title='bbox 263 2537 334 2600; x_wconf 89' lang='lat' dir='ltr'><strong>eius</strong></span> <span class='ocrx_word' id='word_1_166' title='bbox 350 2537 531 2621; x_wconf 81' lang='lat' dir='ltr'><strong>scripturae</strong></span> <span class='ocrx_word' id='word_1_167' title='bbox 552 2534 701 2619; x_wconf 86' lang='lat' dir='ltr'><strong>exempla</strong></span> <span class='ocrx_word' id='word_1_168' title='bbox 725 2537 805 2604; x_wconf 86' lang='lat' dir='ltr'><strong>satis</strong></span> <span class='ocrx_word' id='word_1_169' title='bbox 830 2535 1014 2620; x_wconf 88' lang='lat' dir='ltr'><strong>ostendant,</strong></span> <span class='ocrx_word' id='word_1_170' title='bbox 1038 2533 1115 2599; x_wconf 86' lang='lat' dir='ltr'><strong>nihii</strong></span> <span class='ocrx_word' id='word_1_171' title='bbox 1129 2535 1159 2599; x_wconf 88' lang='lat' dir='ltr'><strong>ei</strong></span> <span class='ocrx_word' id='word_1_172' title='bbox 1175 2537 1381 2621; x_wconf 69' lang='lat' dir='ltr'><strong>cognationis</strong></span> <span class='ocrx_word' id='word_1_173' title='bbox 1497 2551 1498 2594; x_wconf 77' lang='lat' dir='ltr'><strong>t</strong></span> 
     </span>
     <span class='ocr_line' id='line_1_22' title="bbox 266 2636 1497 2724; baseline 0.001 -20"><span class='ocrx_word' id='word_1_174' title='bbox 266 2657 340 2705; x_wconf 85' lang='lat' dir='ltr'><strong>esse</strong></span> <span class='ocrx_word' id='word_1_175' title='bbox 363 2659 469 2724; x_wconf 89' lang='lat' dir='ltr'><strong>neque</strong></span> <span class='ocrx_word' id='word_1_176' title='bbox 487 2636 647 2705; x_wconf 78' lang='lat' dir='ltr'><strong>cum&#39;Pan.</strong></span> <span class='ocrx_word' id='word_1_177' title='bbox 671 2648 703 2704; x_wconf 90' lang='lat' dir='ltr'><strong>ct</strong></span> <span class='ocrx_word' id='word_1_178' title='bbox 727 2637 808 2704; x_wconf 80' lang='lat'>0011.</span> <span class='ocrx_word' id='word_1_179' title='bbox 827 2639 922 2706; x_wconf 90' lang='lat' dir='ltr'><strong>Voss.</strong></span> <span class='ocrx_word' id='word_1_180' title='bbox 944 2658 1050 2724; x_wconf 87' lang='lat' dir='ltr'><strong>neque</strong></span> <span class='ocrx_word' id='word_1_181' title='bbox 1069 2657 1143 2704; x_wconf 90' lang='lat' dir='ltr'><strong>cum</strong></span> <span class='ocrx_word' id='word_1_182' title='bbox 1156 2637 1269 2705; x_wconf 82' lang='lat' dir='ltr'><strong>Petav.</strong></span> <span class='ocrx_word' id='word_1_183' title='bbox 1294 2639 1382 2705; x_wconf 83' lang='lat' dir='ltr'><strong>Con·</strong></span> <span class='ocrx_word' id='word_1_184' title='bbox 1496 2661 1497 2668; x_wconf 51' lang='lat'>¹</span> 
     </span>
     <span class='ocr_line' id='line_1_23' title="bbox 265 2739 1499 2829; baseline -0.002 -19"><span class='ocrx_word' id='word_1_185' title='bbox 265 2741 367 2829; x_wconf 82' lang='lat' dir='ltr'><strong>spirat</strong></span> <span class='ocrx_word' id='word_1_186' title='bbox 390 2742 531 2807; x_wconf 92' lang='lat' dir='ltr'><strong>omnium</strong></span> <span class='ocrx_word' id='word_1_187' title='bbox 555 2741 694 2807; x_wconf 85' lang='lat' dir='ltr'><strong>maxime</strong></span> <span class='ocrx_word' id='word_1_188' title='bbox 717 2761 790 2807; x_wconf 88' lang='lat' dir='ltr'><strong>cum</strong></span> <span class='ocrx_word' id='word_1_189' title='bbox 802 2739 1009 2807; x_wconf 83' lang='lat' dir='ltr'><strong>Benolinensi</strong></span> <span class='ocrx_word' id='word_1_190' title='bbox 1031 2761 1137 2828; x_wconf 84' lang='lat' dir='ltr'><strong>neque</strong></span> <span class='ocrx_word' id='word_1_191' title='bbox 1152 2760 1235 2806; x_wconf 83' lang='lat' dir='ltr'><strong>rano.</strong></span> <span class='ocrx_word' id='word_1_192' title='bbox 1268 2739 1381 2828; x_wconf 75' lang='lat' dir='ltr'><strong>Atque</strong></span> <span class='ocrx_word' id='word_1_193' title='bbox 1498 2805 1499 2820; x_wconf 64' lang='grc'>,</span> 
     </span>
    </p>
   </div>
   <div class='ocr_carea' id='block_1_4' title="bbox 263 2843 1382 3035">
    <p class='ocr_par' dir='ltr' id='par_1_4' title="bbox 263 2829 1499 3035">
     <span class='ocr_line' id='line_1_24' title="bbox 263 2843 1381 2940; baseline -0.002 -27"><span class='ocrx_word' id='word_1_194' title='bbox 263 2845 317 2913; x_wconf 87' lang='lat' dir='ltr'><strong>hie</strong></span> <span class='ocrx_word' id='word_1_195' title='bbox 334 2867 407 2912; x_wconf 88' lang='lat' dir='ltr'><strong>cum</strong></span> <span class='ocrx_word' id='word_1_196' title='bbox 421 2845 484 2912; x_wconf 86' lang='lat' dir='ltr'><strong>iliis</strong></span> <span class='ocrx_word' id='word_1_197' title='bbox 497 2863 580 2930; x_wconf 88' lang='lat' dir='ltr'><strong>quos</strong></span> <span class='ocrx_word' id='word_1_198' title='bbox 597 2844 695 2910; x_wconf 84' lang='lat' dir='ltr'><strong>modo</strong></span> <span class='ocrx_word' id='word_1_199' title='bbox 705 2845 866 2910; x_wconf 88' lang='lat' dir='ltr'><strong>nominavi</strong></span> <span class='ocrx_word' id='word_1_200' title='bbox 879 2843 1047 2940; x_wconf 87' lang='lat' dir='ltr'><strong>codicibus</strong></span> <span class='ocrx_word' id='word_1_201' title='bbox 1062 2843 1243 2929; x_wconf 77' lang='lat' dir='ltr'><strong>comparari</strong></span> <span class='ocrx_word' id='word_1_202' title='bbox 1259 2847 1381 2930; x_wconf 84' lang='lat' dir='ltr'><strong>nequit.</strong></span> 
     </span>
     <span class='ocr_line' id='line_1_25' title="bbox 264 2945 1382 3035; baseline 0 -21"><span class='ocrx_word' id='word_1_203' title='bbox 264 2945 348 3014; x_wconf 81' lang='lat' dir='ltr'><strong>Sunt</strong></span> <span class='ocrx_word' id='word_1_204' title='bbox 361 2967 440 3013; x_wconf 81' lang='lat' dir='ltr'><strong>veno</strong></span> <span class='ocrx_word' id='word_1_205' title='bbox 453 2953 567 3013; x_wconf 76' lang='lat' dir='ltr'><strong>‘rursus</strong></span> <span class='ocrx_word' id='word_1_206' title='bbox 582 2958 614 3013; x_wconf 89' lang='lat' dir='ltr'><strong>et</strong></span> <span class='ocrx_word' id='word_1_207' title='bbox 633 2950 719 3014; x_wconf 88' lang='lat' dir='ltr'><strong>haee</strong></span> <span class='ocrx_word' id='word_1_208' title='bbox 734 2949 930 3035; x_wconf 82' lang='lat' dir='ltr'><strong>exemplaria</strong></span> <span class='ocrx_word' id='word_1_209' title='bbox 950 2947 1091 3033; x_wconf 80' lang='lat' dir='ltr'><strong>diversa,</strong></span> <span class='ocrx_word' id='word_1_210' title='bbox 1105 2948 1193 3034; x_wconf 88' lang='lat' dir='ltr'><strong>quod</strong></span> <span class='ocrx_word' id='word_1_211' title='bbox 1208 2948 1262 3012; x_wconf 73' lang='lat' dir='ltr'><strong>v&#39;cl</strong></span> <span class='ocrx_word' id='word_1_212' title='bbox 1284 2947 1382 3014; x_wconf 87' lang='lat' dir='ltr'><strong>lecti&#39;o</strong></span> 
     </span>
    </p>
   </div>
   <div class='ocr_carea' id='block_1_5' title="bbox 263 3049 1498 3138">
    <p class='ocr_par' dir='ltr' id='par_1_5' title="bbox 263 3049 1498 3138">
     <span class='ocr_line' id='line_1_26' title="bbox 263 3049 1498 3138; baseline -0.002 -21"><span class='ocrx_word' id='word_1_213' title='bbox 263 3051 361 3118; x_wconf 91' lang='lat' dir='ltr'><strong>modo</strong></span> <span class='ocrx_word' id='word_1_214' title='bbox 381 3071 423 3117; x_wconf 81' lang='lat' dir='ltr'><strong>ax</strong></span> <span class='ocrx_word' id='word_1_215' title='bbox 443 3072 475 3118; x_wconf 82' lang='lat' dir='ltr'><strong>c.</strong></span> <span class='ocrx_word' id='word_1_216' title='bbox 497 3052 538 3117; x_wconf 79' lang='lat'><strong>15</strong></span> <span class='ocrx_word' id='word_1_217' title='bbox 556 3053 695 3118; x_wconf 87' lang='lat' dir='ltr'><strong>excitata</strong></span> <span class='ocrx_word' id='word_1_218' title='bbox 711 3062 860 3136; x_wconf 76' lang='lat' dir='ltr'><strong>testatur,</strong></span> <span class='ocrx_word' id='word_1_219' title='bbox 881 3072 965 3138; x_wconf 85' lang='lat' dir='ltr'><strong>quae</strong></span> <span class='ocrx_word' id='word_1_220' title='bbox 986 3071 1003 3116; x_wconf 89' lang='lat' dir='ltr'><strong>a</strong></span> <span class='ocrx_word' id='word_1_221' title='bbox 1027 3050 1137 3116; x_wconf 84' lang='lat' dir='ltr'><strong>Benol.</strong></span> <span class='ocrx_word' id='word_1_222' title='bbox 1161 3050 1260 3116; x_wconf 85' lang='lat' dir='ltr'><strong>abest.</strong></span> <span class='ocrx_word' id='word_1_223' title='bbox 1296 3049 1382 3134; x_wconf 81' lang='lat' dir='ltr'><strong>Quid</strong></span> <span class='ocrx_word' id='word_1_224' title='bbox 1497 3063 1498 3088; x_wconf 62' lang='lat'><strong>³</strong></span> 
     </span>
    </p>
   </div>
   <div class='ocr_carea' id='block_1_6' title="bbox 263 3147 1385 3872">
    <p class='ocr_par' dir='ltr' id='par_1_6' title="bbox 263 3147 1385 3872">
     <span class='ocr_line' id='line_1_27' title="bbox 265 3147 1382 3245; baseline -0.004 -21"><span class='ocrx_word' id='word_1_225' title='bbox 265 3155 392 3245; x_wconf 74' lang='lat' dir='ltr'><strong>igitur?</strong></span> <span class='ocrx_word' id='word_1_226' title='bbox 422 3154 487 3222; x_wconf 89' lang='lat' dir='ltr'><strong>Vix</strong></span> <span class='ocrx_word' id='word_1_227' title='bbox 509 3157 629 3242; x_wconf 82' lang='lat' dir='ltr'><strong>poterit</strong></span> <span class='ocrx_word' id='word_1_228' title='bbox 651 3156 744 3222; x_wconf 80' lang='lat' dir='ltr'><strong>aliter</strong></span> <span class='ocrx_word' id='word_1_229' title='bbox 770 3157 869 3222; x_wconf 90' lang='lat' dir='ltr'><strong>statui</strong></span> <span class='ocrx_word' id='word_1_230' title='bbox 892 3175 987 3242; x_wconf 88' lang='lat' dir='ltr'><strong>quam</strong></span> <span class='ocrx_word' id='word_1_231' title='bbox 1011 3147 1226 3221; x_wconf 86' lang='lat' dir='ltr'><strong>Pithoeauum</strong></span> <span class='ocrx_word' id='word_1_232' title='bbox 1254 3153 1382 3220; x_wconf 75' lang='lat' dir='ltr'><strong>sicelio</strong></span> 
     </span>
     <span class='ocr_line' id='line_1_28' title="bbox 265 3255 1382 3352; baseline -0.003 -26"><span class='ocrx_word' id='word_1_233' title='bbox 265 3263 355 3326; x_wconf 86' lang='lat' dir='ltr'><strong>ionte</strong></span> <span class='ocrx_word' id='word_1_234' title='bbox 377 3261 523 3346; x_wconf 87' lang='lat' dir='ltr'><strong>fluxisse,</strong></span> <span class='ocrx_word' id='word_1_235' title='bbox 548 3272 580 3327; x_wconf 87' lang='lat' dir='ltr'><strong>et</strong></span> <span class='ocrx_word' id='word_1_236' title='bbox 610 3262 737 3350; x_wconf 89' lang='lat' dir='ltr'><strong>quidem</strong></span> <span class='ocrx_word' id='word_1_237' title='bbox 760 3261 990 3346; x_wconf 84' lang='lat' dir='ltr'><strong>transcriptum</strong></span> <span class='ocrx_word' id='word_1_238' title='bbox 1014 3280 1089 3325; x_wconf 87' lang='lat' dir='ltr'><strong>esse</strong></span> <span class='ocrx_word' id='word_1_239' title='bbox 1105 3277 1146 3323; x_wconf 87' lang='lat' dir='ltr'><strong>ex</strong></span> <span class='ocrx_word' id='word_1_240' title='bbox 1160 3255 1382 3352; x_wconf 82' lang='lat' dir='ltr'><strong>Henochiano,</strong></span> 
     </span>
     <span class='ocr_line' id='line_1_29' title="bbox 263 3360 1384 3450; baseline -0.006 -18"><span class='ocrx_word' id='word_1_241' title='bbox 263 3363 327 3432; x_wconf 82' lang='lat' dir='ltr'><strong>sed</strong></span> <span class='ocrx_word' id='word_1_242' title='bbox 349 3366 383 3429; x_wconf 93' lang='lat' dir='ltr'><strong>iu</strong></span> <span class='ocrx_word' id='word_1_243' title='bbox 404 3364 619 3432; x_wconf 78' lang='lat' dir='ltr'><strong>describendo</strong></span> <span class='ocrx_word' id='word_1_244' title='bbox 641 3364 882 3450; x_wconf 77' lang='lat' dir='ltr'><strong>interpolatum,</strong></span> <span class='ocrx_word' id='word_1_245' title='bbox 905 3384 972 3450; x_wconf 86' lang='lat' dir='ltr'><strong>quo</strong></span> <span class='ocrx_word' id='word_1_246' title='bbox 993 3384 1024 3428; x_wconf 87' lang='lat' dir='ltr'><strong>v.</strong></span> <span class='ocrx_word' id='word_1_247' title='bbox 1049 3382 1077 3427; x_wconf 90' lang='lat' dir='ltr'><strong>c.</strong></span> <span class='ocrx_word' id='word_1_248' title='bbox 1092 3360 1172 3426; x_wconf 89' lang='lat' dir='ltr'><strong>illud</strong></span> <span class='ocrx_word' id='word_1_249' title='bbox 1188 3361 1284 3426; x_wconf 78' lang='lat' dir='ltr'><strong>Rene</strong></span> <span class='ocrx_word' id='word_1_250' title='bbox 1300 3360 1384 3426; x_wconf 84' lang='lat' dir='ltr'><strong>maia</strong></span> 
     </span>
     <span class='ocr_line' id='line_1_30' title="bbox 265 3467 1384 3552; baseline -0.007 -17"><span class='ocrx_word' id='word_1_251' title='bbox 265 3467 428 3535; x_wconf 91' lang='lat' dir='ltr'><strong>adiectum</strong></span> <span class='ocrx_word' id='word_1_252' title='bbox 446 3469 564 3551; x_wconf 70' lang='lat' dir='ltr'><strong>refero,</strong></span> <span class='ocrx_word' id='word_1_253' title='bbox 588 3470 664 3550; x_wconf 85' lang='lat' dir='ltr'><strong>(nisi</strong></span> <span class='ocrx_word' id='word_1_254' title='bbox 686 3467 808 3533; x_wconf 77' lang='lat' dir='ltr'><strong>librarii</strong></span> <span class='ocrx_word' id='word_1_255' title='bbox 832 3485 924 3531; x_wconf 78' lang='lat' dir='ltr'><strong>error</strong></span> <span class='ocrx_word' id='word_1_256' title='bbox 947 3477 997 3532; x_wconf 86' lang='lat' dir='ltr'><strong>est</strong></span> <span class='ocrx_word' id='word_1_257' title='bbox 1013 3467 1142 3531; x_wconf 81' lang='lat' dir='ltr'><strong>nomine</strong></span> <span class='ocrx_word' id='word_1_258' title='bbox 1157 3483 1216 3549; x_wconf 83' lang='lat' dir='ltr'><strong>per</strong></span> <span class='ocrx_word' id='word_1_259' title='bbox 1231 3483 1384 3552; x_wconf 85' lang='lat' dir='ltr'><strong>compen·</strong></span> 
     </span>
     <span class='ocr_line' id='line_1_31' title="bbox 268 3567 1385 3657; baseline -0.008 -19"><span class='ocrx_word' id='word_1_260' title='bbox 268 3573 357 3638; x_wconf 90' lang='lat' dir='ltr'><strong>dium</strong></span> <span class='ocrx_word' id='word_1_261' title='bbox 377 3572 534 3656; x_wconf 78' lang='lat' dir='ltr'><strong>scriptum</strong></span> <span class='ocrx_word' id='word_1_262' title='bbox 553 3591 617 3639; x_wconf 91' lang='lat' dir='ltr'><strong>nou</strong></span> <span class='ocrx_word' id='word_1_263' title='bbox 629 3572 801 3657; x_wconf 88' lang='lat' dir='ltr'><strong>capientis)</strong></span> <span class='ocrx_word' id='word_1_264' title='bbox 821 3570 982 3637; x_wconf 77' lang='lat' dir='ltr'><strong>ueletiam</strong></span> <span class='ocrx_word' id='word_1_265' title='bbox 1001 3568 1044 3633; x_wconf 91' lang='lat' dir='ltr'><strong>ob</strong></span> <span class='ocrx_word' id='word_1_266' title='bbox 1064 3567 1227 3634; x_wconf 80' lang='lat' dir='ltr'><strong>difficilem</strong></span> <span class='ocrx_word' id='word_1_267' title='bbox 1246 3568 1385 3650; x_wconf 84' lang='lat' dir='ltr'><strong>scriptu·</strong></span> 
     </span>
     <span class='ocr_line' id='line_1_32' title="bbox 266 3670 1384 3762; baseline -0.01 -17"><span class='ocrx_word' id='word_1_268' title='bbox 266 3685 324 3745; x_wconf 79' lang='lat' dir='ltr'><strong>iae</strong></span> <span class='ocrx_word' id='word_1_269' title='bbox 340 3675 540 3742; x_wconf 88' lang='lat' dir='ltr'><strong>intellectum</strong></span> <span class='ocrx_word' id='word_1_270' title='bbox 562 3675 615 3741; x_wconf 90' lang='lat' dir='ltr'><strong>vel</strong></span> <span class='ocrx_word' id='word_1_271' title='bbox 632 3673 871 3762; x_wconf 82' lang='lat' dir='ltr'><strong>ambiguitatem</strong></span> <span class='ocrx_word' id='word_1_272' title='bbox 884 3684 1088 3758; x_wconf 51' lang='lat' dir='ltr'><strong>¹conceptum.</strong></span> <span class='ocrx_word' id='word_1_273' title='bbox 1111 3670 1172 3737; x_wconf 89' lang='lat' dir='ltr'><strong>Hic</strong></span> <span class='ocrx_word' id='word_1_274' title='bbox 1184 3690 1265 3736; x_wconf 81' lang='lat' dir='ltr'><strong>vero</strong></span> <span class='ocrx_word' id='word_1_275' title='bbox 1279 3670 1384 3737; x_wconf 85' lang='lat' dir='ltr'><strong>codex</strong></span> 
     </span>
     <span class='ocr_line' id='line_1_33' title="bbox 266 3775 1187 3872; baseline -0.012 -22"><span class='ocrx_word' id='word_1_276' title='bbox 266 3781 491 3872; x_wconf 84' lang='lat' dir='ltr'><strong>ubitenrarum</strong></span> <span class='ocrx_word' id='word_1_277' title='bbox 514 3800 600 3868; x_wconf 81' lang='lat' dir='ltr'><strong>nune</strong></span> <span class='ocrx_word' id='word_1_278' title='bbox 623 3778 791 3846; x_wconf 86' lang='lat' dir='ltr'><strong>delitescat</strong></span> <span class='ocrx_word' id='word_1_279' title='bbox 813 3779 1048 3863; x_wconf 78' lang='lat' dir='ltr'><strong>incompertum</strong></span> <span class='ocrx_word' id='word_1_280' title='bbox 1071 3775 1187 3842; x_wconf 83' lang='lat' dir='ltr'><strong>habeo.</strong></span> 
     </span>
    </p>
   </div>
   <div class='ocr_carea' id='block_1_7' title="bbox 321 3961 1501 4046">
    <p class='ocr_par' dir='ltr' id='par_1_7' title="bbox 321 3961 1501 4046">
     <span class='ocr_line' id='line_1_34' title="bbox 321 3961 1501 4046; baseline -0.014 -14"><span class='ocrx_word' id='word_1_281' title='bbox 321 3974 352 4042; x_wconf 72' lang='lat'><strong>⁴⁸)</strong></span> <span class='ocrx_word' id='word_1_282' title='bbox 365 3973 413 4032; x_wconf 69' lang='lat' dir='ltr'><strong>ct:</strong></span> <span class='ocrx_word' id='word_1_283' title='bbox 432 3978 579 4046; x_wconf 79' lang='lat' dir='ltr'><strong>praeterea</strong></span> <span class='ocrx_word' id='word_1_284' title='bbox 592 3967 708 4028; x_wconf 83' lang='lat' dir='ltr'><strong>Casaub.</strong></span> <span class='ocrx_word' id='word_1_285' title='bbox 724 3967 809 4042; x_wconf 79' lang='lat' dir='ltr'><strong>Epist.</strong></span> <span class='ocrx_word' id='word_1_286' title='bbox 829 3961 969 4040; x_wconf 56' lang='lat' dir='ltr'><strong>xvtuep.</strong></span> <span class='ocrx_word' id='word_1_287' title='bbox 984 3970 1017 4020; x_wconf 67' lang='lat'><strong>27</strong></span> <span class='ocrx_word' id='word_1_288' title='bbox 1032 3965 1089 4035; x_wconf 86' lang='lat' dir='ltr'><strong>(cd.</strong></span> <span class='ocrx_word' id='word_1_289' title='bbox 1106 3965 1277 4035; x_wconf 72' lang='lat' dir='ltr'><strong>Bruusxigae</strong></span> <span class='ocrx_word' id='word_1_290' title='bbox 1293 3965 1385 4034; x_wconf 69' lang='lat' dir='ltr'><strong>tcecy</strong></span> <span class='ocrx_word' id='word_1_291' title='bbox 1500 4012 1501 4015; x_wconf 74' lang='grc'>,</span> 
     </span>
    </p>
   </div>
   <div class='ocr_carea' id='block_1_8' title="bbox 346 4049 1386 4128">
    <p class='ocr_par' dir='ltr' id='par_1_8' title="bbox 346 4049 1386 4128">
     <span class='ocr_line' id='line_1_35' title="bbox 346 4049 1386 4128; baseline -0.009 -11"><span class='ocrx_word' id='word_1_292' title='bbox 346 4104 352 4117; x_wconf 90' lang='grc'><em>,</em></span> <span class='ocrx_word' id='word_1_293' title='bbox 371 4059 466 4127; x_wconf 74' lang='lat' dir='ltr'><strong>Alium</strong></span> <span class='ocrx_word' id='word_1_294' title='bbox 486 4073 553 4113; x_wconf 82' lang='lat' dir='ltr'><strong>veto</strong></span> <span class='ocrx_word' id='word_1_295' title='bbox 572 4055 697 4114; x_wconf 81' lang='lat' dir='ltr'><strong>codicem</strong></span> <span class='ocrx_word' id='word_1_296' title='bbox 716 4056 853 4114; x_wconf 75' lang='lat' dir='ltr'><strong>Caesares</strong></span> <span class='ocrx_word' id='word_1_297' title='bbox 871 4049 1066 4119; x_wconf 73' lang='lat' dir='ltr'><strong>conbibentem,</strong></span> <span class='ocrx_word' id='word_1_298' title='bbox 1085 4053 1119 4108; x_wconf 89' lang='lat' dir='ltr'><strong>da</strong></span> <span class='ocrx_word' id='word_1_299' title='bbox 1141 4067 1195 4125; x_wconf 84' lang='lat' dir='ltr'><strong>quc</strong></span> <span class='ocrx_word' id='word_1_300' title='bbox 1209 4052 1297 4108; x_wconf 79' lang='lat' dir='ltr'><strong>uerba</strong></span> <span class='ocrx_word' id='word_1_301' title='bbox 1320 4051 1386 4128; x_wconf 77' lang='lat' dir='ltr'><strong>iecit</strong></span> 
     </span>
    </p>
   </div>
   <div class='ocr_carea' id='block_1_9' title="bbox 364 4129 1497 4223">
    <p class='ocr_par' dir='ltr' id='par_1_9' title="bbox 364 4129 1497 4223">
     <span class='ocr_line' id='line_1_36' title="bbox 364 4129 1497 4223; baseline -0.001 -25"><span class='ocrx_word' id='word_1_302' title='bbox 364 4143 464 4223; x_wconf 32' lang='lat' dir='ltr'><strong>&#39;Praei-</strong></span> <span class='ocrx_word' id='word_1_303' title='bbox 483 4143 518 4197; x_wconf 90' lang='lat' dir='ltr'><strong>ad</strong></span> <span class='ocrx_word' id='word_1_304' title='bbox 536 4144 595 4200; x_wconf 84' lang='lat' dir='ltr'><strong>init.</strong></span> <span class='ocrx_word' id='word_1_305' title='bbox 615 4141 711 4214; x_wconf 76' lang='lat' dir='ltr'><strong>Caes,</strong></span> <span class='ocrx_word' id='word_1_306' title='bbox 738 4141 772 4198; x_wconf 89' lang='lat' dir='ltr'><strong>ab</strong></span> <span class='ocrx_word' id='word_1_307' title='bbox 790 4142 852 4215; x_wconf 86' lang='lat' dir='ltr'><strong>ipsc</strong></span> <span class='ocrx_word' id='word_1_308' title='bbox 870 4156 1035 4215; x_wconf 77' lang='lat' dir='ltr'><strong>possessore</strong></span> <span class='ocrx_word' id='word_1_309' title='bbox 1054 4139 1084 4194; x_wconf 89' lang='lat' dir='ltr'><strong>P.</strong></span> <span class='ocrx_word' id='word_1_310' title='bbox 1104 4138 1220 4196; x_wconf 85' lang='lat' dir='ltr'><strong>Pitbeeo</strong></span> <span class='ocrx_word' id='word_1_311' title='bbox 1238 4138 1293 4197; x_wconf 82' lang='lat' dir='ltr'><strong>sibi</strong></span> <span class='ocrx_word' id='word_1_312' title='bbox 1313 4156 1386 4197; x_wconf 82' lang='lat' dir='ltr'><strong>com·</strong></span> <span class='ocrx_word' id='word_1_313' title='bbox 1494 4129 1497 4138; x_wconf 56' lang='lat'><strong>¹</strong></span> 
     </span>
    </p>
   </div>
   <div class='ocr_carea' id='block_1_10' title="bbox 373 4217 1225 4302">
    <p class='ocr_par' dir='ltr' id='par_1_10' title="bbox 373 4217 1225 4302">
     <span class='ocr_line' id='line_1_37' title="bbox 373 4217 1225 4302; baseline -0.007 -19"><span class='ocrx_word' id='word_1_314' title='bbox 373 4230 509 4285; x_wconf 80' lang='lat' dir='ltr'><strong>nodatum</strong></span> <span class='ocrx_word' id='word_1_315' title='bbox 520 4217 655 4286; x_wconf 69' lang='lat' dir='ltr'><strong>&#39;babebat</strong></span> <span class='ocrx_word' id='word_1_316' title='bbox 693 4225 725 4284; x_wconf 90' lang='lat' dir='ltr'><strong>V.</strong></span> <span class='ocrx_word' id='word_1_317' title='bbox 743 4228 882 4302; x_wconf 79' lang='lat' dir='ltr'><strong>Epist&#39;a&#39;d</strong></span> <span class='ocrx_word' id='word_1_318' title='bbox 899 4226 1043 4283; x_wconf 86' lang='lat' dir='ltr'><strong>Pithoeum</strong></span> <span class='ocrx_word' id='word_1_319' title='bbox 1062 4223 1119 4281; x_wconf 84' lang='lat' dir='ltr'><strong>XL.</strong></span> <span class='ocrx_word' id='word_1_320' title='bbox 1137 4223 1164 4298; x_wconf 82' lang='lat' dir='ltr'><strong>p.</strong></span> <span class='ocrx_word' id='word_1_321' title='bbox 1183 4227 1225 4278; x_wconf 76' lang='lat' dir='ltr'><strong>et.</strong></span> 
     </span>
    </p>
   </div>
   <div class='ocr_carea' id='block_1_11' title="bbox 0 0 1534 5032">
    <p class='ocr_par' dir='ltr' id='par_1_11' title="bbox 0 0 1534 5032">
     <span class='ocr_line' id='line_1_38' title="bbox 0 0 1534 5032; baseline 0 0"><span class='ocrx_word' id='word_1_322' title='bbox 0 0 1534 5032; x_wconf 95' lang='lat' dir='ltr'><strong> </strong></span> 
     </span>
    </p>
   </div>
  </div>
 </body>
</html>
