3054 5000
578 263 834 340 -95-

176 431 335 534 hirmino]
360 448 393 520 Ρ.
416 459 566 520 Ahueino.
600 459 722 532 Propius
751 461 787 518 od
805 477 902 522 rerem
933 461 1054 522 nominis
1077 459 1259 538 seriptumm,

19 547 20 636 ]
137 565 174 620 rie
198 581 260 636 quo
289 583 319 627 v.
341 565 530 623 Furlonettos
563 564 599 622 nd
629 563 756 627 Foreeil.
784 583 810 626 v.
842 567 1009 640 Atratinus,
1037 568 1103 628 Por.
1127 571 1157 626 oi
1180 569 1260 626 linrl.

137 672 289 728 omnlino.
325 670 400 726 lllud
424 669 518 742 ipsum
539 670 677 728 Atratino
700 686 736 726 ex
761 671 827 727 Vet.
851 668 931 743 impr.
955 671 1051 728 attulit
1072 671 1193 733 Statius.

204 771 428 848 subtractoque]
452 774 519 836 Per.
551 778 581 832 et
603 775 682 832 llari.
713 775 920 852 subtratoque.
958 776 1033 832 veo.
1056 777 1259 850 cultrumque.

204 875 393 952 ordinarium]
426 878 525 951 Vulgo
555 881 739 955 ordenrium,
771 876 817 934 vei
839 880 1053 958 hordeurt'ume
1083 878 1138 936 hoo
1161 881 1260 934 terrent

19 959 21 986 ’
136 983 168 1042 Β,
195 981 281 1041 Hori.
305 985 334 1037 et
361 984 427 1039 Pur.
452 998 516 1040 oum
540 986 632 1042 Veh:
660 981 689 1038 io
717 997 774 1054 quo
804 982 974 1054 explieoorlo
1003 983 1123 1041 multum
1151 981 1259 1041 leheris

19 1159 20 1176 χ
133 1085 316 1157 interpretes
339 1083 571 1162 insumpserunt,
602 1103 751 1160 nuperque
773 1102 833 1143 rem
865 1087 1035 1145 retrooterit
1064 1087 1191 1145 Adleros
1215 1087 1259 1144 ne

133 1177 1258 1266 omnmrmaoummeonmmrmuhonrmmrmuo

132 1297 218 1353 tione
245 1301 342 1352 tomen
370 1296 426 1352 hoo
455 1297 587 1354 ellectum
616 1304 678 1372 est,
707 1302 741 1354 ut
764 1311 848 1370 quum
872 1296 948 1352 eruit
979 1296 1035 1352 rim
1059 1296 1177 1368 epitheti
1201 1296 1257 1375 lii-

132 1399 249 1456 nuroho
280 1397 379 1474 inditi,
413 1395 544 1480 κριθίνου
580 1390 801 1478 Δημοσθένους,
836 1400 913 1472 quod
935 1398 962 1456 io
994 1399 1114 1456 Plotium
1138 1399 1256 1456 Coelius

19 1557 20 1562 ,
132 1501 339 1576 transtulerit,
374 1519 435 1559 eom
459 1503 513 1560 iem
535 1508 634 1575 potent
657 1519 693 1559 oe
716 1502 870 1560 oourenire
893 1504 1005 1575 quidem
1035 1519 1099 1560 oonr
1123 1503 1257 1574 expliea-

129 1607 215 1662 tione
248 1623 265 1662 a
296 1607 436 1663 Suetonio
469 1607 608 1669 subiecto.
655 1607 760 1664 Veram
797 1605 852 1662 looi
885 1606 1056 1678 scripturum
1087 1604 1194 1662 dudum
1227 1605 1255 1662 ln

19 1753 20 1784 ,
129 1709 255 1768 sohedis
278 1711 449 1785 serrobom,
462 1715 606 1768 enototom
627 1709 692 1767 mihi
715 1727 751 1767 ex
774 1712 905 1784 exemplo
928 1710 1160 1784 Oudendoruiorri
1176 1711 1255 1768 Sue·

130 1812 206 1870 ionii
231 1812 261 1868 in
283 1812 355 1872 Bihl.
380 1812 514 1870 Gisseosi
537 1817 671 1889 servolo,
702 1813 778 1886 qrrod
808 1831 845 1870 ex
876 1813 993 1873 editoris
1023 1814 1192 1890 donatione,
1223 1818 1256 1870 ut

132 1919 202 1990 ipse
234 1915 351 1992 scribit,
382 1918 423 1976 lo.
455 1918 535 1989 Aug.
559 1917 713 1974 Ernestius
735 1919 925 1990 possederit:
959 1919 987 1976 in
1011 1935 1068 1991 quo
1092 1917 1194 1992 huius,
1223 1922 1255 1974 ut

137 2026 221 2096 puto,
244 2039 331 2078 meru
361 2020 397 2077 od
420 2038 447 2078 v.
471 2023 663 2088 hordeorrtrm
685 2023 824 2094 seriptum
848 2025 960 2078 exstetz
997 2026 1133 2100 „ueteres
1156 2034 1254 2076 oroneo

133 2129 154 2187 l.
188 2125 373 2186 ordinarium.
407 2127 532 2182 Festus:
566 2125 753 2184 Ordioeriusr
786 2125 869 2182 homo
905 2139 1007 2182 sourrn
1038 2130 1067 2181 et
1098 2123 1253 2196 improbus.

133 2233 228 2291 sulm.
252 2230 287 2286 orl
318 2230 436 2288 'l'erlull
462 2229 498 2286 de
521 2229 606 2303 pollio
630 2248 657 2303 p.
687 2227 780 2290 335.“
823 2229 985 2288 Audiamus
1014 2231 1132 2286 Festum
1161 2229 1253 2301 ipsum

134 2352 164 2407 p.
200 2333 278 2391 183:
308 2332 510 2408 „Ordinerium
540 2333 680 2391 hominem
704 2333 815 2406 oppius
838 2333 878 2390 eit
908 2331 963 2389 diei
985 2328 1105 2390 solitum
1122 2347 1253 2392 soorrem

136 2442 166 2494 et
187 2437 430 2513 improbum,·qui
452 2437 571 2494 assidue
592 2437 621 2493 io
643 2435 741 2494 litibus
763 2442 942 2495 moreretur:
974 2437 1011 2495 ob
1034 2453 1155 2511 eumque
1178 2453 1253 2496 oeu-

136 2557 200 2599 som
223 2541 251 2596 in
275 2541 375 2598 ordine
397 2547 489 2600 staret
510 2541 675 2600 adeuntium
700 2542 873 2600 Praetorem.
909 2543 950 2599 ht
972 2542 1077 2600 Aelius
1099 2543 1183 2616 stilo,
1205 2540 1253 2615 qui

136 2645 251 2702 minime
280 2631 380 2704 ordine
409 2651 501 2704 steret
524 2687 658 2708 .....
695 2647 723 2704 in
746 2663 781 2705 ea
804 2647 948 2722 oratione,
977 2662 1062 2719 quom
1093 2645 1194 2703 floribit
1217 2646 1253 2704 rlo

19 2787 20 2806 r
136 2748 198 2806 suis
221 2749 375 2807 virtutibus
408 2753 509 2806 oontrn
531 2742 700 2809 Thermum:
738 2749 820 2818 Quid
839 2751 912 2804 mihi
937 2747 1039 2826 fieret,
1063 2750 1173 2806 timore
1195 2752 1251 2805 sti-

132 2857 248 2927 perrdr'u
280 2856 313 2911 lu
341 2857 568 2911 orornamenta
596 2857 770 2911 ordinarius
800 2855 980 2910 meruissem
1000 2850 1143 2926 teutpert
1169 2855 1252 2912 suot

19 2987 20 2996 κ
136 2955 251 3029 quirlom
283 2955 367 3014 etiem
390 2957 439 3030 qui
461 2957 684 3034 manipularem,
713 2958 781 3031 quio
802 2957 888 3016 imiimi
918 2959 956 3016 sit
979 2959 1095 3036 ordinis,
1118 2959 1252 3031 appello-

135 3065 196 3116 tum
233 3060 352 3118 eredunt
385 3057 589 3123 ordinarium.“
634 3064 679 3123 Cl’.
715 3067 744 3120 et
777 3063 903 3120 Mueller
931 3081 958 3135 p.
990 3063 1062 3122 ³92.
1095 3065 1193 3135 Atque
1216 3065 1250 3122 Ρ.

19 3207 20 3216 ,
136 3162 287 3220 leotiooem
310 3169 499 3224 ordimurr'um
520 3170 614 3224 flrrnst
635 3183 711 3224 unus
736 3169 795 3227 llio.
811 3167 912 3244 suth,
935 3185 972 3226 ex
994 3169 1087 3226 altero
1106 3169 1251 3227 offerentis

19 3309 20 3314 1
136 3269 280 3325 hordeum
302 3285 371 3327 eum
393 3273 554 3330 rhetorum.

180 3371 318 3449 appellat]
342 3375 455 3433 Omittit
476 3377 542 3432 l’er.

537 3543 716 3630 oll‘tll
766 3544 845 3628 lll.

200 3682 322 3761 Lucius]
353 3686 399 3743 Itu
430 3687 496 3746 Pur.
528 3703 642 3762 quoque
677 3694 706 3745 et
734 3690 813 3746 llorl.
842 3690 945 3762 Vulgo
974 3703 1039 3746 oum
1062 3689 1095 3748 B.
1119 3690 1156 3748 h.
1186 3691 1248 3753 ΡΒ.

138 3787 254 3864 rotor,
277 3794 310 3847 ut
331 3774 428 3863 supro.
654 3771 661 3780 ”
1165 3795 1170 3806 ’

200 3892 356 3969 Otacilius]
381 3899 447 3955 Por.
471 3901 499 3952 et
523 3895 603 3954 Hori,
628 3912 693 3954 oum
716 3899 790 3959 Ven.
814 3903 843 3955 et
865 3899 898 3957 P.
921 3895 949 3955 in
979 3893 1079 3954 lndioe
1102 3897 1247 3960 rhetorum

139 3993 179 4068 (io
202 4000 340 4054 eontextu
364 3997 512 4072 uulgatum
530 3999 686 4071 retinente)
705 4003 889 4062 Voltooitr'ur.
912 4004 946 4059 B.
973 3991 1138 4060 Volcatius:
1162 4020 1246 4078 quom

19 4091 20 4096 ’
138 4097 286 4157 leotiooem
308 4100 370 4173 ipse
392 4102 459 4160 olim
481 4121 519 4161 ex
541 4105 607 4168 eorl.
629 4107 761 4182 enotooi3
784 4123 848 4164 nom
872 4107 900 4162 in
923 4105 1078 4164 collatione
1093 4107 1246 4181 llhiingeri
