3038 5032
692 411 948 488 ..30-

266 608 346 668 Huni.
364 613 393 666 ut
413 609 445 666 B.
468 609 544 668 Ven.
565 611 739 682 precones.
761 609 865 682 Vulgo
881 609 1103 690 Praeconium,
1127 622 1184 683 quo
1208 609 1371 684 cognomine
1492 608 1493 616 ’

266 712 363 771 udhne
385 715 460 786 opud
485 729 583 772 omnes
603 713 706 771 Aelius
728 713 815 788 uniit,
839 713 902 770 sine
924 714 984 771 ullo
1007 711 1068 769 uitii
1091 714 1274 786 suspicione:
1296 729 1373 786 quen

266 817 417 876 admodum
441 817 525 876 etiem
549 817 625 890 apud
648 816 768 874 Plinium
792 817 934 890 ΧΧΧΙΙΙ,
961 817 987 892 1,
1011 817 1030 872 i
1049 817 1169 894 legitur,
1191 818 1278 875 ouius
1292 819 1393 876 verbu

267 923 395 998 opprime
416 923 474 980 huo
504 921 628 980 moiuut:
660 937 803 996 purpura
831 925 935 980 latiore
965 924 1085 979 tunicae
1114 938 1189 980 nouo
1210 926 1377 981 invenimus

268 1031 357 1084 eiiam
388 1042 578 1105 praecones,
601 1030 682 1085 sinui
698 1033 815 1100 putrem
838 1027 917 1083 Luci
949 1024 1016 1082 Aee·
1049 1027 1170 1083 Stilonis
1199 1027 1380 1087 Praeconinus·

265 1133 302 1190 ob
325 1133 358 1186 ot
378 1133 599 1205 uoqnomiouti5
621 1134 679 1186 tnm
703 1130 787 1186 etium
810 1128 967 1204 XXXVII,
995 1129 1021 1200 1,
1045 1129 1073 1186 3.
1119 1129 1200 1188 illem
1223 1146 1294 1189 vero
1317 1135 1379 1190 mr-

265 1250 339 1292 mem
362 1233 544 1307 cognominis
566 1233 651 1292 unioe
674 1249 770 1292 verum
793 1236 886 1290 firmet
911 1233 986 1304 lauis
1008 1234 1161 1292 Murotorii
1182 1251 1210 1306 p.
1237 1235 1331 1310 1241,
1352 1238 1379 1310 ἵ,

265 1337 378 1396 seilicet
401 1337 597 1396 emundandus
620 1353 657 1395 ox
683 1337 862 1411 apographo,
886 1337 941 1392 huo
964 1343 1149 1410 contenente
1173 1339 1299 1412 meliore,
1324 1357 1379 1412 quo

265 1457 337 1500 usus
371 1445 416 1498 ost
447 1445 483 1502 Α.
512 1442 637 1502 Sabinus
671 1441 785 1500 Gomon.
809 1439 837 1495 iu
869 1440 1049 1515 Iuvenalem,
1083 1441 1193 1497 Romus
1227 1443 1321 1518 1474,
1344 1445 1379 1500 ud
1402 1478 1415 1488 -

264 1550 326 1610 Sui.
349 1551 403 1623 ΙΙΙ,
427 1547 463 1620 83
500 1547 583 1606 ouius
607 1546 817 1607 adnotationem
841 1559 900 1618 nge
923 1544 1021 1616 ipsius·
1045 1545 1140 1602 verbis
1162 1545 1378 1606 adsorioomus:

263 1653 420 1728 „Artorius
443 1655 472 1708 et
494 1648 630 1728 Catulus]
654 1650 682 1708 id
706 1655 751 1707 est
773 1650 881 1708 similes
905 1649 1012 1706 nrtouio
1035 1648 1084 1720 qui
1100 1649 1275 1720 etpersieus
1294 1652 1380 1708 etiem

168 1826 174 1838 ι
264 1759 360 1816 dietus
383 1763 442 1814 est:
466 1761 528 1815 erut
551 1761 645 1814 nutem
670 1756 753 1812 dives
776 1760 805 1812 et
828 1755 916 1812 orbus
938 1753 1060 1826 ideoque
1082 1754 1207 1811 diieotus
1224 1755 1303 1812 huno
1322 1771 1379 1830 ego

263 1865 333 1934 puto
362 1877 427 1917 eum
456 1863 524 1920 Sex.
561 1864 579 1920 i’.
607 1859 691 1916 eunius
722 1859 871 1931 inscriptio
901 1859 929 1915 in
961 1859 1033 1916 aede
1065 1863 1097 1919 S.
1124 1859 1272 1916 Iuvenalis
1302 1861 1377 1931 apud

263 1963 406 2023 Ameriam
429 1963 552 2022 hebetur
574 1964 649 2021 tulis.
695 1966 755 2020 Sex
777 1963 894 2021 Artorio
916 1965 985 2023 Sex.
1008 1967 1041 2022 F.
1064 1964 1108 2036 pri
1129 1964 1285 2037 praeeunte
1303 1981 1332 2027 u.
1346 1968 1377 2024 F.

260 2067 380 2142 possitis
410 2067 492 2125 mutri
518 2071 577 2125 Sex
611 2067 728 2125 Artorio
759 2069 827 2147 Sex.
859 2072 877 2125 ι’.
912 2068 957 2127 nt.
993 2071 1026 2128 L.
1050 2067 1156 2126 antonio
1186 2071 1254 2125 Sex.
1286 2073 1306 2128 i’.
1330 2071 1375 2130 fri.

261 2177 348 2230 sutor.
375 2174 413 2233 Α.
436 2173 505 2231 Sex.
528 2175 547 2228 f.
572 2173 607 2231 Α.
629 2174 696 2236 Sex.
721 2175 740 2230 i’.
762 2161 893 2228 seeundo
916 2172 1017 2232 teuit.“
1062 2172 1182 2229 Soiiioet
1197 2173 1279 2246 epoti
1303 2175 1376 2230 Mu-

261 2281 315 2364 rot.
340 2276 612 2351 PRAEONNiAPi,
636 2277 711 2349 qnod
737 2277 815 2334 nihili
840 2283 893 2338 est.
927 2279 1062 2337 Ceterum
1087 2284 1167 2336 reete
1189 2281 1277 2336 nonen
1299 2281 1374 2353 quod

260 2381 296 2438 de
320 2383 502 2456 cognominis
528 2383 642 2456 origine
665 2389 693 2439 et
716 2384 872 2444 Suetonius
895 2390 924 2440 et
947 2385 1057 2442 Plinius
1080 2386 1213 2442 trudunt:
1236 2390 1329 2442 restet
1343 2391 1375 2442 nt

260 2499 367 2540 nouusn
390 2487 544 2560 operiatur,
567 2486 643 2558 quod
667 2503 684 2541 u
707 2487 860 2558 praeconis
884 2490 989 2564 officio,
1014 2491 1089 2562 quod
1113 2489 1373 2547 inhonestissimis

259 2587 323 2643 oliuu
348 2603 403 2644 nun
426 2587 602 2662 hebebatur,
638 2589 741 2646 Aelius
776 2592 949 2664 appellatum
980 2609 1014 2650 se
1038 2609 1092 2650 non
1123 2593 1301 2666 dedignatus
1324 2593 1373 2652 sit.

149 2767 152 2776 Ι
259 2690 403 2748 Videlioet
425 2692 597 2764 proeconum
621 2693 810 2751 oonoiitionem
835 2697 900 2754 oiim
915 2698 942 2754 in
959 2699 1098 2770 despectu
1116 2697 1238 2754 hobitum
1254 2700 1277 2757 1.
1291 2697 1374 2754 Cne-

259 2813 326 2868 sor,
357 2795 589 2868 tenemento
619 2796 714 2865 Quint.
740 2799 777 2872 3,
806 2803 892 2871 poulo
921 2802 1111 2860 honestiorem
1133 2806 1264 2875 ‘feneret
1297 2819 1374 2859 eon-

258 2900 402 2958 stituondo
432 2901 516 2957 simui
549 2901 694 2958 decuriam
724 2908 922 2976 praeconiam
952 2908 1142 2962 consularem
1148 2949 1157 2984 ,
1173 2901 1177 2912 '
1192 2906 1229 2962 de
1256 2922 1315 2978 quo
1345 2925 1372 2968 u.

258 3004 456 3060 Fortunettum
490 3005 526 3060 od
562 3008 646 3062 Foro.
680 3024 706 3065 v.
738 3010 931 3079 praeconium
991 3006 1246 3064 Caesonis-entem
1269 3007 1372 3064 Aelius

256 3105 387 3177 aequatis
410 3107 473 3166 mit.

321 3209 412 3286 Stilo]
437 3209 579 3272 Pinnio.
603 3215 668 3272 Por.
693 3215 781 3274 Voss.
806 3218 835 3271 et
856 3215 931 3274 Ven.
955 3217 1041 3275 iunio.

324 3315 451 3390 tontum]
476 3318 577 3391 Vulgo
600 3325 709 3390 tantun,
733 3337 769 3378 ex
793 3319 987 3378 conuentione:
1020 3321 1071 3377 sed
1091 3321 1176 3377 effert
1198 3321 1309 3379 Statius
1333 3339 1371 3380 ex

257 3421 331 3480 Mss.
362 3425 390 3478 et
423 3422 462 3480 itu
484 3441 587 3482 revere
611 3429 644 3486 it.
681 3428 756 3484 nino
788 3430 819 3486 P.
844 3426 923 3486 Harl.
956 3429 1021 3486 Pur.
1057 3431 1086 3483 et
1107 3429 1212 3501 Voss,
1243 3425 1375 3498 positum=

255 3544 307 3600 pru
330 3531 361 3586 in
384 3523 514 3606 loono,
550 3536 583 3587 ut
605 3533 667 3590 Liv.
690 3533 848 3605 XXXVII,
880 3532 938 3589 39:
972 3530 1138 3589 Antinoites
1160 3539 1275 3590 tuntum
1292 3549 1370 3606 pm·

253 3650 382 3706 yreoouu
404 3650 421 3692 e
442 3638 551 3692 enutrio
575 3643 627 3714 eut,
651 3644 686 3694 o!
706 3641 760 3696 eto.
1310 3695 1313 3700 .

320 3737 512 3814 optimatium]
536 3741 629 3797 Abest
651 3741 669 3798 o
692 3742 756 3801 Pur.
772 3737 862 3800 'Hori
884 3745 913 3799 et
935 3725 1024 3802 V'oss.
1070 3743 1171 3816 Vulgo
1195 3759 1259 3800 oum
1283 3743 1315 3805 B.
1340 3751 1371 3803 et

255 3847 541 3924 ven-optimatum,
565 3850 597 3902 ut
620 3847 732 3903 Statius
756 3864 791 3904 ex
814 3849 889 3907 Mus.
913 3847 1029 3908 exuitot.

318 3949 368 4024 0]
400 3949 457 4008 Atii
488 3951 628 4020 Quirinos.
673 3953 706 4012 P.
729 3953 809 4009 Heri.
833 3953 900 4010 Por.
924 3955 1012 4010 Voss.
1037 3954 1121 4011 etii.
1145 3953 1187 4010 M.
1215 3951 1261 4008 De
1283 3967 1315 4010 re
1339 3971 1367 4016 v,

254 4053 372 4110 Heinsio
394 4053 411 4111 l.
435 4054 452 4115 l.
476 4071 502 4128 p.
526 4053 574 4112 39.
599 4070 642 4126 sq.

316 4157 344 4211 2.
368 4156 503 4236 Servius]
530 4163 594 4220 Pau.
618 4163 646 4214 et
669 4162 758 4220 Voss.
782 4177 917 4219 uooeruu.

314 4259 395 4334 oum]
418 4264 494 4327 Ven.
517 4280 615 4338 quom.
