3038 5032
613 391 900 462 '-vu-

213 573 367 638 industria
391 571 471 638 Lud.
494 570 620 636 Trossii
641 593 753 658 nuper
781 582 969 658 apparatum
999 581 1050 638 est
1076 571 1123 654 *lt
1157 576 1251 642 cuius
1286 576 1328 642 de

216 678 319 762 pretio
352 696 450 761 quum
483 675 630 760 plerique
653 677 694 740 ita
725 686 930 758 statuerunt„
955 676 1070 741 ducem
1104 679 1233 744 tandem
1264 681 1327 765 pri·

215 781 350 844 marium
380 781 411 843 in
435 790 588 844 contextu
612 780 840 844 constituendo
863 780 1038 864 praecipue
1068 783 1303 867 sequendum
1295 804 1326 848 rn

214 885 318 948 lucem
342 883 533 968 productum
557 903 643 966 esse,
666 883 741 947 mibi
765 883 906 968 quidem,
929 893 963 947 ut
987 883 1083 949 hoc
1073 906 1105 949 m
1122 896 1327 954 antecessum

215 987 362 1070 dicem,
352 1008 384 1050 rn
407 985 508 1050 multo
530 987 652 1050 maiore
672 985 765 1053 luero
789 987 851 1052 hoc
873 984 1058 1071 ponendum
1076 989 1213 1073 videtur,
1239 991 1327 1074 quod

215 1093 346 1176 cognito
370 1091 431 1155 boc
454 1089 566 1154 codiee
590 1075 717 1154 demum
741 1092 929 1176 perspicere
947 1091 1032 1176 licet,
1059 1093 1191 1178 quidet
1215 1092 1255 1158 de
1276 1113 1328 1157 ce·

215 1195 292 1258 teris
312 1193 479 1258 codicibus
501 1204 598 1278 atque
621 1194 751 1258 omniuo
774 1195 816 1258 de
839 1194 1025 1260 conditione
1053 1207 1085 1260 et
1106 1199 1231 1285 origine
1252 1217 1330 1262 eou-

215 1307 339 1379 textus,
377 1297 432 1382 qui
456 1296 552 1360 bodie
576 1297 820 1381 circumfertur,
855 1299 1102 1363 existimandum
1127 1301 1179 1364 sit.
1223 1297 1329 1365 Huius

132 1398 136 1404 ’
215 1402 261 1464 rei
284 1400 361 1485 quid
397 1401 439 1464 sit
447 1419 540 1486 ,age
569 1397 796 1484 ostendamus,
836 1398 876 1463 ab
909 1400 971 1464 boc
1008 1401 1081 1484 ipso
1114 1399 1198 1464 libro
1235 1419 1330 1464 exor-

97 1569 103 1584 ,
216 1506 350 1570 dientes

281 1609 406 1674 Novam
428 1606 619 1672 Germaniae
637 1606 812 1671 editionem
832 1605 1002 1689 meditans,
1017 1604 1202 1672 Trossius
1193 1607 1330 1694 insignis

218 1713 363 1778 codicem
385 1723 493 1796 notae,
517 1731 613 1796 quem
636 1710 755 1774 Leidee
777 1710 810 1774 in
831 1709 1028 1775 bibliotheca
1052 1712 1236 1776 academica
1262 1733 1331 1776 ser·

217 1815 285 1882 vari
316 1817 435 1881 certior
468 1815 572 1880 sactus
603 1823 709 1898 esset,
740 1813 858 1878 Leidae
893 1815 1039 1879 excussit
1071 1823 1102 1880 el
1138 1815 1187 1880 bis
1220 1815 1331 1880 verbis

217 1920 388 2004 descripsit
403 1916 480 1992 **):
1168 1939 1170 1944 ·

281 2023 365 2110 „Est
399 2043 478 2088 vero
512 2024 618 2088 codex
645 2022 743 2104 lcum
772 2023 866 2107 signo
899 2020 1028 2088 XVIII
1056 2021 1164 2089 Perit.
1196 2023 1230 2090 C.
1260 2024 1330 2107 21),

217 2150 312 2216 quem
328 2127 575 2192 Perizonianum
596 2126 725 2214 appello
753 2129 833 2212 [ego
849 2123 902 2208 R]
927 2126 1205 2209 membranaceus,
1229 2129 1331 2190 forma

217 2234 284 2298 fere
308 2231 475 2317 quadrata,
500 2229 543 2296 lX
566 2229 702 2315 pollices
725 2251 764 2294 au
783 2229 814 2294 X
837 2230 938 2294 lineas
959 2230 1043 2294 altus
1067 2242 1098 2294 et
1130 2229 1172 2294 Vl
1195 2229 1332 2314 pollices

218 2339 320 2418 latus,
354 2339 385 2402 in
420 2339 535 2422 quavis
565 2336 691 2420 pagella
725 2334 816 2400 XXll
849 2333 951 2398 lineas
982 2334 1238 2419 complectens,'
1258 2335 1333 2400 chu-

218 2452 343 2508 rectere
374 2441 429 2506 illo
459 2437 563 2508 seculi
586 2439 617 2504 X-
639 2438 908 2522 luculentissimo,
941 2435 1211 2523 Longobardico‚
1235 2458 1331 2522 quem

217 2547 366 2612 librarios
398 2545 495 2610 italos
526 2541 736 2610 seculonV
765 2561 894 2608 summo
925 2561 998 2607 cum
1022 2540 1158 2606 artificio
1189 2543 1332 2609 imitatos

217 2671 293 2722 esse
315 2651 399 2714 inter
421 2669 533 2714 omnes
558 2657 685 2714 constat
700 2696 707 2714 .
775 2646 860 2712 Sunt
883 2645 957 2710 folia
982 2643 1050 2729 LX,
1074 2666 1211 2729 quorum
1234 2641 1332 2713 XXX

218 2755 324 2840 priora
349 2751 522 2838 Dialogum
545 2751 810 2834 decretoribus,
833 2747 923 2814 XVll
945 2749 1091 2832 proxima
1112 2742 1343 2830 Germaniam,
1393 2753 1399 2764 “

217 2857 338 2943 reliqua
360 2856 507 2922 Suetonii
523 2857 564 2920 de
580 2855 658 2920 viris
672 2855 854 2920 illustribus
869 2852 1016 2917 libellum
1029 2853 1203 2916 continent.
1231 2849 1333 2916 Primi

218 2962 286 3027 folii
314 2957 439 3048 pagella
470 2961 559 3044 prior
586 2979 690 3024 vacua
719 2958 830 3022 relicta
862 2967 930 3040 est,
962 2955 1063 3022 altera
1088 2967 1196 3026 autem
1218 2955 1333 3020 inseri·

217 3067 360 3150 pliorem
380 3064 478 3130 hebet
501 3063 600 3128 hane:
673 3093 703 3128 η
763 3107 766 3112 -
1104 3085 1105 3089 ’

246 3327 251 3332 ¹
270 3355 301 3424 s)
323 3355 412 3420 Taciti
431 3355 578 3411 Germania
598 3329 661 3411 etc,
673 3353 715 3409 ed.
734 3311 829 3415 (bross.
847 3349 997 3408 Hammone
1017 3351 1095 3404 1841.

253 3519 303 3589 ⁴⁴)
324 3517 357 3574 V.
377 3517 551 3572 nuncetiam
571 3515 662 3570 Geelii
687 3513 834 3584 catalogus
858 3511 953 3567 libror.
972 3512 1183 3584 manuscriptos.
1201 3512 1248 3583 qui
1269 3511 1334 3566 inde

322 3604 446 3659 ababuc
467 3607 529 3656 1741
552 3600 737 3656 bibliothecae
765 3597 1032 3664 seguono-satanae
1050 3606 1238 3653 accesserunt.
1264 3595 1334 3668 lug·

322 3691 386 3745 duni
414 3690 471 3744 Bal.
502 3691 577 3743 1857.
605 3706 630 3759 1).
660 3690 706 3739 tet
727 3703 768 3760 sq.
805 3685 944 3740 Editorem
963 3685 999 3742 cl.
1019 3683 1089 3756 sugit
1112 3685 1230 3738 omniurn
1249 3701 1331 3739 aceu-

322 3779 460 3832 satissime
479 3778 540 3831 eius
558 3774 664 3828 codicis
682 3775 802 3827 notitiam
822 3772 934 3827 dedisse
954 3770 1168 3837 Massmannum,
1185 3771 1232 3842 qui
1251 3772 1333 3824 inter·

321 3864 437 3920 cedente
464 3866 525 3935 ipso
549 3863 648 3917 Geelio
674 3864 771 3916 iterum
797 3861 928 3932 inspexit,
947 3866 976 3914 et
993 3858 1203 3928 diligentissime
1229 3857 1330 3910 exami-

321 3953 404 4016 navit,
428 3951 462 4004 ad
481 3949 570 4004 Taciti
589 3948 682 4002 Germ.
700 3951 760 4018 1.7
779 3963 837 4019 sp,
864 3947 938 4003 inter
964 3946 1020 4000 slis
1043 3941 1239 4008 memorabilis,
1257 3955 1329 4013 quas

321 4047 449 4112 repetere
467 4039 539 4105 nolo,
557 4039 639 4092 elisur
657 4035 710 4089 boc
728 4035 814 4090 certis
828 4035 997 4107 argumentis
1017 4050 1044 4104 1).
1059 4035 1110 4090 uus
1128 4030 1329 4098 demonstraus,

322 4124 475 4197 exemplum
495 4123 530 4190 id,
549 4121 655 4200 quod
640 4120 777 4175 Portunus
796 4121 950 4198 exscripsit,
967 4116 1130 4224 minusculis
1151 4115 1250 4171 litteris
1265 4131 1328 4170 exs-

321 4221 408 4269 ratum
428 4210 523 4271 luisse.
