3038 5032
621 407 674 424 -
725 361 793 441 vlu
849 341 905 422 -⁸

205 551 417 638 Hosdlcllcs
429 553 770 640 lucianuspcutauus
787 556 943 640 excripsit
1056 553 1106 622 M
1137 550 1254 620 0000.

204 655 972 742 puperudimucutcsetiulucemrelatosubheac
1125 657 1194 725 LX

205 760 377 843 asculana,
403 781 598 847 quamquam
617 761 704 846 sutis
719 761 897 844 mendosos.
995 759 1315 846 Maruomemef‘r)

205 918 295 986 Haec
325 919 454 1004 quidem
484 920 589 986 codici
615 921 648 986 in
676 921 782 986 fronto
811 919 1011 1004 praescripta
1041 918 1083 984 ad
1106 918 1211 982 omnia
1234 937 1316 1002 quae
1375 955 1386 969 ι
1513 947 1517 982 ι

205 1041 246 1088 eo
262 1022 466 1088 continentur
481 1023 639 1108 opuscula
655 1034 812 1108 spectant.
836 1021 886 1088 Dc
905 1021 1113 1089 Suetonianis
1132 1041 1212 1086 vero
1228 1019 1316 1086 libel·

205 1123 245 1191 iis
268 1127 451 1194 accuratius
474 1127 630 1192 docemur
645 1126 705 1192 alia
720 1137 795 1192 nota
816 1126 960 1192 eiusdem
981 1123 1119 1190 Pontani
1135 1125 1177 1190 ad
1194 1124 1316 1188 initium

83 1288 97 1304 ,
205 1247 317 1294 eorum
338 1230 370 1292 in
390 1231 534 1316 margine
548 1230 644 1296 minio
658 1231 834 1316 adscripta,
851 1249 947 1314 quam
961 1227 1045 1296 malo
1066 1249 1107 1294 ex
1120 1229 1318 1296 correctiure

205 1329 366 1416 exempla,
397 1333 483 1420 quad
514 1331 670 1400 debemus
691 1333 864 1400 'Riuchelii
888 1333 1071 1419 diligentiae
1099 1334 1110 1398 Ι
1142 1333 1164 1399 1.
1187 1355 1215 1418 p.
1243 1330 1318 1416 612,
1381 1342 1387 1354 ’

204 1435 406 1503 exscribere:

312 1596 345 1661 0.
369 1595 547 1678 Suetonius
562 1597 694 1680 scripsit
719 1595 759 1660 de
778 1597 858 1679 airis
886 1593 1067 1678 illustribus.
1097 1596 1188 1676 cuius
1215 1613 1320 1662 ecem·

309 1698 401 1784 plum
421 1703 541 1796 secutis
560 1704 691 1783 secutus
708 1699 917 1788 leiercapmus
934 1702 999 1785 ipsc
1029 1719 1154 1785 quoque
1178 1697 1320 1764 libellum

317 1801 357 1868 de
386 1786 587 1887 srmtdribus
609 1803 797 1887 clcristiarris
821 1801 929 1869 edidit.
975 1803 1090 1889 Nuper
1113 1805 1209 1868 ctiam
1231 1803 1320 1870 Bar·

313 1906 493 1990 tholomeus
515 1908 627 1992 sacius
646 1908 828 1993 samilicris
844 1912 954 1990 master
983 1907 1023 1972 de
1051 1908 1131 1990 uiris
1147 1906 1326 1990 illustribus

313 2012 470 2095 temporis
482 2013 535 2094 sui
566 2011 671 2095 libras
687 2011 872 2100 composuit.
896 2013 952 2097 qui
970 2034 1011 2076 ue
1040 2009 1103 2093 lias
1119 2007 1265 2076 Suetonii
1285 2011 1322 2074 il-

312 2114 432 2197 lustres
435 2117 528 2198 airas
536 2113 645 2181 uidere
656 2121 767 2202 posset
787 2118 879 2197 mors
894 2117 1070 2182 immatura
1088 2117 1198 2201 effecit.
1217 2113 1321 2200 paula

213 2280 216 2286 .
283 2288 291 2304 ‚
313 2219 396 2283 cuim
411 2223 492 2304 past
511 2219 581 2302 eius
596 2228 733 2287 martem
753 2221 787 2284 iu
809 2218 908 2284 lucem
931 2215 1099 2285 redieruut
1115 2240 1186 2284 cum
1206 2215 1327 2299 multas
1390 2203 1394 2212 ’

314 2328 423 2407 aurcos
440 2323 613 2408 desiderati
633 2347 655 2389 a
677 2326 785 2407 ductis
802 2324 983 2408 lccmimbus
1010 2328 1119 2408 esseut.
1157 2322 1322 2407 Tempori-

316 2424 377 2508 bus
405 2429 487 2492 euim
520 2429 654 2494 Nicolai
680 2429 783 2514 quinti
808 2429 980 2513 pontificis
1006 2409 1143 2492 marciali
1170 2421 1268 2492 Euac
1288 2421 1322 2504 ¹⁹)

318 2530 528 2614 ”Asculauus
550 2531 584 2596 iu
605 2529 762 2614 ¹Galliam
797 2519 840 2598 et
856 2529 930 2596 iude
958 2533 992 2596 iu
1016 2529 1227 2597 Gemuauiam
1245 2547 1324 2614 pra·

309 2623 727 2720 sectus'ccuquiremdcrum
749 2634 903 2701 librarum
921 2635 1038 2723 pratia
1056 2629 1120 2715 lms
1136 2651 1324 2719 quanquam

315 2735 489 2821 mcudcsus
515 2746 548 2804 ct
574 2739 782 2827 inperfectos
808 2737 855 2804 ad
883 2742 949 2821 uos
969 2735 1087 2803 retulit·
1112 2736 1171 2802 cut
1195 2736 1242 2818 sic
1266 2731 1324 2800 lu-

316 2839 422 2906 benaa
435 2839 499 2930 'est
520 2843 651 2934 pratia,
685 2850 722 2908 ut
746 2843 832 2908 male
865 2839 1109 2928 imprecandum
1139 2843 1186 2922 cst
1213 2837 1324 2906 Sicca-

316 2947 370 3010 uic
390 2944 567 3029 pcleutauo
591 2947 761 3032 patavina.
784 2947 840 3032 qui
859 2967 930 3012 uun
952 2951 1174 3030 campartem
1196 2963 1256 3028 quc
1278 2947 1328 3026 est

317 3045 568 3132 decretoribus
584 3071 625 3114 ac
645 3051 757 3136 pactis
773 3050 946 3132 ircucnisset,
969 3048 1016 3114 itu
1034 3047 1211 3134 suppressit
1231 3053 1267 3110 ut
1285 3067 1326 3111 ue

315 3173 458 3239 amplam
486 3154 519 3218 iu
552 3152 653 3220 lucem
679 3156 788 3220 uenire
817 3157 939 3238 posset.
964 3172 1061 3236 quam
1083 3171 1144 3239 epo
1174 3169 1246 3214 cmm
1263 3171 1326 3236 pa·

315 3259 395 3322 tauii
415 3258 661 3354 perquirerem,
692 3256 824 3324 taudem
853 3257 971 3344 reperi,
998 3275 1071 3320 cam
1093 3252 1135 3318 ab
1157 3253 1213 3318 illc
1231 3252 1328 3337 fuisse

316 3358 521 3443 combustam.
544 3363 707 3448 iusumque
729 3362 929 3450 crrapcmtiu
952 3380 993 3426 uc
1015 3355 1193 3425 temeritate
1216 3355 1327 3443 mpt-

263 3617 298 3684 ὓ)
317 3620 346 3676 ln
366 3619 462 3676 eadem
481 3619 548 3676 solio
567 3620 673 3678 codicis
689 3621 778 3694 primo
795 3635 890 3686 verso,
918 3633 971 3691 quo
990 3634 1073 3690 supra
1091 3616 1213 3672 exhibita
1233 3614 1327 3684 legun·

204 3731 207 3738 ·
318 3717 370 3777 tur,
394 3728 409 3767 a
438 3713 594 3768 recentiora
618 3725 709 3777 manu,
730 3714 847 3764 testante
880 3707 988 3774 Gcclia,
1005 3705 1114 3762 adiecta
1138 3712 1201 3762 suni
1224 3702 1328 3759 verbu:

318 3799 430 3872 „Super
453 3799 551 3869 aegras
568 3813 664 3852 manus
682 3798 820 3869 impanent
847 3801 876 3848 et
894 3793 966 3850 bene
993 3793 1139 3851 hauebant.
1178 3793 1255 3848 lesus
1272 3789 1329 3845 Mu·

318 3885 384 3942 riae'
405 3885 479 3942 fliius
503 3883 596 3940 mundi
622 3882 700 3940 sulus
724 3889 753 3938 et
781 3881 907 3936 domiuus
932 3898 981 3953 per
1007 3883 1102 3936 merita
1132 3881 1162 3938 B.
1189 3877 1329 3934 vincentii

317 3973 494 4030 Coniunctis
512 3972 550 4028 sit
568 3970 617 4040 uhi
636 3970 759 4026 clemens
777 3975 806 4024 ct
819 3969 962 4042 propitius.
980 3968 1096 4024 Amen.“

265 4129 296 4197 ¹*)
315 4127 432 4184 Gecliuc
448 4145 532 4196 enoc,
564 4125 635 4184 haud
654 4128 713 4183 scio
737 4142 772 4182 an
790 4142 935 4197 operarum
954 4123 1052 4200 culpa:
1085 4139 1147 4179 max
1174 4123 1246 4178 idem
1264 4139 1328 4178 ccu-

315 4214 545 4290 quamndomum
564 4225 591 4272 et
610 4213 733 4280 Siccam,
751 4230 801 4287 pra
821 4212 963 4272 Siccauic·
