3066 4998
269 597 366 674 gentis
396 611 559 670 cognomen
582 593 693 654 calvini
722 596 816 654 inisse
846 597 1010 670 proprium,
1040 600 1164 654 testante
1194 595 1306 654 nomine
1330 595 1382 656 Cn.

270 701 386 760 Domitii
408 699 537 776 calvini,
561 701 598 758 de
620 717 676 773 qno
699 719 727 760 v.
752 701 841 760 Orelli
863 701 964 761 Onam.
989 701 1055 756 'l'ull
1089 717 1118 772 p.
1142 700 1215 762 226.

337 802 473 883 Calvino]
493 807 528 864 li.
553 805 694 863 Caninio.
719 808 748 861 at
773 803 909 862 continno
933 807 1031 879 equiti.

331 906 475 986 Romano]
498 911 568 971 Par.
590 911 637 986 li,
661 912 816 981 utsupra.
861 912 933 967 iiam
958 908 1039 970 llari.

337 1027 562 1103 quadringenis]
592 1029 642 1086 Sio
670 1033 752 1088 reete
775 1031 819 1088 ed.
850 1029 977 1089 Florent.
1024 1028 1118 1101 vulg.
1149 1033 1387 1103 qnadrtopentn.
1511 1063 1512 1066 =

272 1131 331 1212 [lta
353 1131 436 1207 Pam]
461 1131 610 1189 sicinina
632 1148 659 1191 o.
684 1132 990 1202 unuluuusmva

339 1249 455 1332 annuis]
480 1255 546 1314 Par.
569 1257 598 1309 et
622 1255 712 1310 Voss.
735 1256 876 1313 nummio.
912 1251 1031 1311 Omittit.
1057 1253 1135 1313 llarl.
1162 1256 1236 1312 Ven.
1261 1254 1387 1314 Anninus.

274 1363 368 1418 lirant
391 1357 439 1456 qni
461 1358 564 1414 onreto
587 1357 714 1416 mallent.

340 1473 527 1553 oonduotum]
561 1469 593 1537 1¹.
625 1481 798 1539 condnotoa.
831 1480 901 1542 Par.
929 1481 1019 1540 Voss.
1048 1483 1078 1536 et
1108 1482 1184 1540 ven.
1213 1484 1391 1538 oondnoina.

275 1583 358 1643 llari.
381 1583 547 1639 conductis.
581 1582 674 1639 Recte
688 1579 776 1639 hobet'
798 1582 931 1657 vulgata,
952 1600 970 1638 a
991 1585 1024 1643 Β.
1043 1585 1221 1642 oonflrmata.
1256 1586 1296 1640 nt
1320 1600 1392 1655 pre-

154 1751 156 1756 ,
274 1677 380 1744 tiorum
397 1689 426 1742 et
443 1685 607 1740 mercedum
622 1685 754 1758 exempla
771 1687 939 1764 enormior,
960 1686 1073 1745 illorum
1095 1686 1229 1744 Lutatius
1251 1687 1392 1764 Daphnis,

276 1790 379 1849 harum
400 1790 436 1848 L.
466 1788 623 1862 Apuleius,
653 1792 687 1845 nt
707 1789 755 1847 hin
778 1806 833 1849 uon
856 1790 950 1864 possit
973 1787 1029 1848 n'on
1052 1790 1108 1852 dioi
1130 1791 1292 1849 oonduetus
1316 1807 1394 1865 qua·

277 1890 427 1965 driugeois
449 1890 553 1948 annuis
572 1891 720 1954 docuisse.

344 2010 480 2090 edooere]
504 2014 606 2086 Vulgo
629 2017 798 2094 edocuisse,
822 2020 851 2073 et
873 2016 917 2072 sio
941 2019 974 2075 n.
998 2018 1030 2076 P.
1053 2019 1144 2077 Voss.
1166 2019 1201 2072 at
1226 2010 1297 2077 Par.
1319 2021 1395 2076 odo·-

278 2125 372 2197 oenei,
397 2117 599 2189 undespoote
621 2117 718 2190 prodit
748 2119 824 2190 quod
849 2119 976 2192 reposui.
1022 2113 1232 2178 Gasanffoonuaz
1256 2120 1397 2197 „Soripta

278 2222 363 2282 leutio
387 2225 532 2280 edoceret.
561 2222 755 2280 scribendum
777 2229 814 2280 ut
832 2226 940 2282 multon
963 2227 1109 2302 edoceret,
1134 2221 1272 2296 siquidem
1287 2223 1397 2296 aliquid

280 2322 475 2387 mutandum.“

344 2449 374 2508 4.
397 2442 568 2525 notissimis]
591 2447 673 2508 Harl.
698 2449 766 2510 Pur.
791 2451 820 2503 et
843 2449 935 2512 Voss.
952 2448 1142 2525 doctissimis,
1165 2445 1252 2519 idque
1269 2447 1397 2510 asts.

280 2555 362 2610 affert
385 2551 588 2611 cmaubonna.

348 2668 542 2750 Pesoenniua]
576 2671 678 2745 Volgo
711 2674 902 2754 Siooennino,
934 2690 987 2747 pro
1019 2690 1075 2747 quo
1108 2679 1209 2732 forsan
1236 2677 1400 2734 &nennius

232 2843 235 2846 ,
281 2778 438 2854 legendum
460 2791 527 2834 asae
549 2775 705 2834 adnotarat
727 2777 866 2856 wolfius,
889 2793 1012 2851 prorsus
1034 2782 1135 2837 otest
1157 2779 1187 2836 in
1206 2781 1297 2840 Van:
1322 2782 1399 2851 quod

281 2871 494 2956 auusoepisaem,¹
518 2879 544 2938 si
565 2880 682 2952 probari
702 2885 805 2953 posset
833 2881 926 2962 tuisse
954 2882 1053 2954 gentis
1081 2897 1206 2957 nomen,
1241 2882 1326 2954 quale
1351 2883 1400 2940 hio

283 2967 450 3046 desiderari
470 2986 578 3044 donent
607 2989 638 3042 ot
667 2984 789 3042 hominia
815 2985 941 3044 nonditio
972 2991 1001 3044 at
1031 2991 1193 3044 octonorum
1223 2995 1400 3047 nonnemo·

280 3095 409 3152 natorum
433 3087 686 3164 grammaticorum
709 3105 745 3145 ex
775 3087 872 3146 olassa
903 3090 1070 3148 libertorum
1103 3091 1224 3150 nomina
1261 3093 1294 3151 Β.
1328 3071 1399 3149 Sia-

282 3197 421 3254 eenniua.
455 3193 537 3254 Harl.
570 3194 637 3251 Ριιι.
669 3195 699 3248 ei
730 3193 820 3253 Voss.
844 3196 1004 3256 distentus.
1038 3193 1098 3252 Alii
1126 3197 1300 3256 sescentos.
1333 3195 1400 3254 uu-

205 3290 209 3294 ’
282 3299 420 3371 dendorp.
443 3295 517 3356 ooni.
548 3297 749 3376 Caesennius,
772 3301 825 3356 uui
847 3301 985 3358 Spanius.
1027 3298 1219 3358 Cnaouboous
1242 3298 1279 3355 ad
1301 3299 1398 3357 strab.

281 3401 335 3462 IV.
359 3418 388 3475 p.
413 3401 472 3459 181
498 3401 606 3459 uitabat
625 3404 799 3462 sisennius.
836 3405 945 3462 Horum
968 3403 1039 3460 nihil
1061 3408 1140 3459 stare
1158 3407 1254 3476 potest
1269 3400 1400 3458 nisisor-

158 3499 162 3521 ¹
282 3509 363 3564 tussa
385 3506 592 3564 Caesennius:
624 3507 676 3563 sed
698 3507 787 3564 multo
811 3509 944 3598 praestat¹
963 3507 1038 3580 quod
1068 3521 1144 3562 nuno
1173 3505 1210 3562 de
1232 3503 1400 3562 oonieotura

282 3625 346 3668 mea
368 3609 498 3686 reposui,
532 3611 567 3666 ad
592 3626 677 3683 qnam
699 3610 782 3668 duxit
803 3612 836 3670 P.
860 3609 1000 3667 exhibens
1030 3611 1230 3668 Fescennina.
1267 3610 1400 3665 Posoon-
1435 3593 1437 3596 ’

283 3715 348 3773 nina
371 3713 485 3788 qnidam
507 3713 581 3772 inter
603 3713 753 3772 Cioeronis
776 3712 932 3771 familiares
955 3714 1018 3775 snit.
1039 3711 1126 3770 Nihili
1149 3711 1280 3769 animost
1293 3725 1398 3768 nomen

283 3821 483 3896 Fescennina,
507 3822 616 3876 frustra
638 3818 822 3878 muniendum
835 3817 972 3890 Hispalae
983 3816 1173 3894 Fesoenniae,
1196 3813 1400 3872 meretriculae

197 3959 200 3964 -
284 3941 321 3982 ex
343 3925 406 3986 Liv.
433 3922 573 3999 XXXIX,
585 3923 615 3983 9.
640 3939 684 3996 sq.
708 3919 874 3980 notissimae
898 3919 1019 3996 nomine,
1043 3921 1119 3994 qnod
1143 3916 1278 3992 aPighio
1300 3919 1400 3976 notum

284 4033 339 4104 eat,
363 4045 449 4101 quum
471 4045 515 4103 ea,
539 4025 564 4085 si
585 4027 701 4086 oodioes
724 4025 858 4083 audiendi
880 4031 957 4101 suot,
978 4025 1123 4097 appellata
1138 4021 1225 4080 tuerit
1238 4023 1399 4098 Faecenia,

284 4132 360 4205 qnod
373 4135 467 4204 ipsum
487 4148 588 4191 nomeu
610 4135 729 4204 propter
751 4131 870 4187 eaodem
886 4145 1029 4203 naussum,
1044 4145 1102 4201 qua
1122 4125 1323 4201 Fescennina,
1344 4141 1400 4181 su·

281 4239 412 4308 speotum
426 4240 480 4298 eat.
503 4239 536 4326 lu
550 4235 689 4294 Suetonio
706 4239 801 4292 autem
813 4233 957 4292 incidebat
971 4229 1054 4289 etiem
1070 4231 1099 4288 in
1118 4236 1240 4288 mentem
1252 4231 1398 4288 Sicinius.
1516 4258 1522 4282 ι
