3072 5014
593 417 640 492 .’..
694 431 722 506 n
775 473 821 489 ...

147 620 249 696 simul
277 622 483 696 consenuit:
517 624 783 724 composuitque
814 621 935 700 variae
962 619 1165 698 eruditionis
1191 619 1262 697 uii-

148 748 234 840 quot
260 740 456 832 volumina3
484 765 532 818 ex
559 744 681 841 quibus
709 767 835 822 rrcuem
858 746 959 818 utrius
986 745 1157 844 corporis,
1184 747 1264 840 quis

68 887 71 898 ’
147 867 341 964 scriptores
369 885 413 938 sc
439 873 565 966 poetes
590 866 655 940 snb
687 865 853 941 clientela
884 865 1056 938 Musarum
1083 862 1263 956 indicaret,

147 1007 218 1060 uon
245 980 396 1059 absurde
421 995 458 1060 et
483 985 617 1062 iecisse
644 994 680 1062 et
707 989 894 1088 scripsisse
919 1009 960 1060 se
988 987 1035 1059 eit
1057 1008 1105 1059 ex
1120 972 1299 1060 numero*

146 1111 311 1182 Divarum
332 1113 368 1182 et
396 1108 642 1208 appellatione.
676 1113 784 1187 Huius
807 1125 1004 1208 cognomen
1026 1109 1059 1178 in
1086 1104 1263 1206 plerisque
1283 1113 1313 1178 3.

145 1228 318 1304 indicibus
345 1237 381 1304 ct
408 1229 517 1303 titulis
543 1254 607 1331 per
637 1257 735 1307 unam
763 1233 897 1308 literam
924 1233 1086 1330 scriptum
1105 1217 1262 1307 arrimad-

146 1359 273 1428 vertor
305 1373 427 1425 uerum
457 1353 533 1450 ipse
559 1351 594 1425 id
621 1378 686 1452 per
704 1353 806 1428 ·duas
840 1353 943 1428 effert
968 1354 1001 1423 in
1028 1348 1264 1451 parastichitle

23 1573 37 1592 Ι
145 1471 268 1561 libelli,
297 1476 353 1571 qui
380 1473 577 1550 inscribitur
601 1477 750 1550 Pinax.
774 1499 778 1508 ·
897 1487 899 1494 ’

223 1596 294 1669 Vll.
328 1594 499 1670 Marcus
531 1596 757 1673 Antonius
793 1593 984 1694 Gnipho,
1011 1595 1202 1690 ingenuos,
1228 1596 1262 1666 in
1286 1611 1313 1674 t.
1462 1601 1469 1610 '

146 1714 259 1788 (hallis
283 1721 403 1807 nutus,
438 1715 505 1792 sed
538 1719 739 1816 expositum
775 1742 797 1790 a
834 1720 1002 1792 nutritore
1036 1739 1102 1790 suo
1140 1738 1285 1802 nrarrn-‚

144 1841 292 1930 missus,
333 1839 579 1936 institutusque
618 1839 855 1914 Alexandriae
895 1837 1042 1935 quidem,
1082 1845 1121 1912 ut
1159 1837 1262 1935 aliqui

144 1957 297 2052 tradunt,
322 1933 363 2032 hl
385 1960 616 2035 contubernio
637 1961 785 2062 Dionysi
809 1959 1120 2060 §cymbrachionis
1148 1959 1262 2057 [qnod

68 2123 71 2130 .
145 2078 307 2177 equidem
341 2103 409 2156 non
436 2087 569 2171 temere
596 2080 815 2174 crediderim,
849 2105 927 2158 cnm
954 2091 1143 2182 temporum
1175 2085 1261 2156 ratio

145 2204 211 2276 vix
238 2208 429 2300 congruat)
456 2201 567 2276 fuisse
594 2202 720 2276 elicitur
745 2207 876 2302 ingenii
904 2206 1036 2300 magni,
1077 2206 1262 2278 inemoriae

146 2322 354 2423 singularis,
397 2345 466 2398 nec
502 2326 612 2398 minus
651 2324 789 2400 Graece
829 2349 927 2422 quam
962 2325 1082 2399 Latine
1114 2323 1262 2405 doctus:

145 2452 334 2546 praetereo
361 2449 455 2522 comi
476 2445 641 2544 facilique
667 2455 800 2541 natura,
827 2469 895 2520 nec
922 2469 1077 2543 uniquam
1099 2442 1147 2519 de
1167 2467 1261 2518 mer·

143 2565 292 2642 cedibus
315 2574 451 2669 pactus,
478 2591 593 2666 eoque
619 2567 719 2669 ploro
744 2591 795 2643 ex
824 2566 1031 2642 liberalitate
1057 2565 1262 2640 discentium

144 2697 371 2764 consecutus.
423 2689 551 2763 Docuit
574 2692 717 2790 primum
743 2693 778 2764 in
813 2690 894 2764 Divi
923 2687 987 2766 Iuli
1015 2685 1120 2762 domo
1152 2689 1263 2787 pneri,
1283 2707 1313 2771 a,

143 2809 275 2886 deinde
307 2815 341 2884 in
375 2835 440 2884 sua
473 2813 620 2910 privata.
660 2814 800 2887 ¹Docuit
833 2819 948 2886 autem
976 2818 1013 2886 et
1038 2809 1258 2899 rhetoricam,
1283 2829 1316 2894 a

144 2937 194 3006 ita
226 2939 263 3006 nt
295 2930 450 3032 qnotidie
475 2939 669 3034 praecepta
691 2931 915 3032 eloquentiae
936 2930 1102 3021 traderet,
1129 2928 1255 3006 decla-

146 3061 258 3128 maret
293 3077 382 3130 vero
416 3077 485 3128 non
518 3057 583 3128 nisi
617 3053 788 3130 nundinis.
842 3052 1004 3132 Schclam
1032 3056 1109 3128 eius
1143 3051 1261 3127 claros
1284 3068 1315 3132 4.

146 3197 290 3274 quoqne
316 3177 414 3250 viros
446 3173 691 3273 frequentasse
717 3179 822 3250 aiunt:
848 3179 882 3251 in
900 3175 956 3248 his
980 3176 1025 3248 hh
1047 3177 1263 3262 Ciceronem,

147 3299 251 3372 etiam
278 3317 355 3370 cum
381 3305 545 3397 praetura
572 3296 787 3396 fungeretur.
828 3298 974 3397 Scripsit
999 3293 1115 3387 multa,
1140 3315 1261 3392 qnam·
1281 3308 1312 3376 5.

147 3418 205 3490 vis
228 3439 355 3490 annum
375 3419 501 3491 aetatis
523 3419 839 3517 quinquagesimum
857 3440 928 3491 non
949 3418 1165 3491 excesserit:
1191 3418 1261 3490 etsi

146 3537 285 3611 Atteius
311 3535 517 3636 Philologus
552 3537 624 3614 (luo
657 3545 787 3612 tantum
814 3539 989 3615 volumina
1023 3535 1263 3613 donatiuo

148 3681 356 3734 sermone
398 3659 584 3757 reliquisse
624 3685 702 3736 enm
728 3658 850 3734 tradit=
884 3683 960 3734 nam
988 3667 1108 3767 cetera
1134 3661 1264 3759 scripta

148 3777 397 3880 discipulorum
425 3783 501 3858 eius
527 3805 623 3875 csse,
650 3806 721 3858 non
748 3785 876 3884 ipsius=
903 3784 936 3854 in
960 3782 1083 3879 quihus
1107 3787 1145 3856 et
1166 3802 1264 3858 sunm
1334 3793 1338 3798 '

148 3900 277 3976 alicubi
298 3903 448 4001 ¹reperiri
476 3925 613 3996 nornen,
641 3912 679 3978 ut
705 3904 775 3980 hcc
801 3947 855 3962 -·
885 3943 931 3958 -

227 4025 314 4097 Vlll.
360 4023 535 4098 Marcus
569 4025 818 4124 Pompilius
851 4023 1158 4112 Andronicus,
1198 4047 1264 4100 no.-
1289 4051 1318 4114 1,

144 4147 247 4219 ticine
282 4145 411 4244 Syrus,
443 4143 560 4220 studio
599 4147 794 4245 Epicureae
833 4152 955 4220 sectae
987 4141 1200 4220 desirliosior
1234 4148 1267 4225 in

150 4264 375 4370 professione
400 4270 647 4366 grammaticae
673 4265 876 4360 habebatur,
914 4269 1094 4366 minusque
1118 4264 1268 4350 idonens
