3054 5000
689 348 951 424 ..42-

333 547 361 607 2.
385 536 589 626 annotandos]
615 545 681 604 l’sr.
704 548 733 602 et
755 545 835 604 llsrl.
857 545 1015 620 quaedam.
1060 545 1094 604 B.
1116 545 1252 620 mellei.

331 641 526 730 grammatioi]
552 649 654 721 Vulgo
675 644 878 728 γραμματικοί,
901 653 931 706 et
952 648 996 706 sie
1020 651 1053 706 ll.

333 754 362 816 3.
385 753 502 813 eosdem
518 745 591 832 ete]
616 753 708 826 vulg.
729 753 802 810 haee
825 753 913 810 verbs
934 754 971 810 sd
988 752 1191 824 praesedentis
1203 757 1370 828 referuntur,

267 856 449 917 distinetione
471 861 538 915 sate
559 858 694 914 illessalo
715 856 817 934 posits,
841 857 1004 928 omissoque
1028 857 1116 914 verbo
1139 860 1271 920 ostendit.
1299 858 1369 916 Cor-

266 965 404 1023 rexerunt
433 961 489 1018 ism
518 961 649 1021 Oudend.
680 965 710 1018 ot
740 961 877 1022 Woltlus.
921 959 1129 1020 acnvslve
1152 963 1209 1023 Ex.
1233 962 1278 1018 ed.
1299 961 1372 1020 lior.

266 1067 418 1125 Ernestius
439 1064 587 1122 addiderat
608 1067 744 1143 ostendit,
767 1081 786 1120 s
808 1064 982 1122 Cssnulono
1004 1063 1058 1120 ism
1082 1079 1119 1120 ex
1146 1065 1266 1125 Mediol.
1295 1067 1374 1124 eoni-

265 1170 443 1244 mendstum,
481 1167 566 1226 euius
598 1167 663 1226 loeo
699 1167 774 1240 quod
813 1183 850 1222 ex
884 1166 1040 1241 Bongsrsii
1073 1167 1174 1224 codiee
1206 1185 1225 1226 s
1257 1169 1374 1227 Sohotto

266 1275 421 1330 memorato
452 1272 569 1329 stlertur
597 1273 715 1350 serilll,
744 1270 772 1327 id
794 1286 883 1344 quum
915 1272 1043 1329 Wolttus
1073 1287 1166 1344 seque
1194 1288 1231 1330 se
1245 1276 1379 1332 ostenda

266 1375 460 1450 suspicionem
491 1374 680 1450 glossematis
703 1389 823 1432 movere
853 1374 935 1449 linit,
977 1377 1121 1434 relutstur
1147 1375 1203 1434 ism
1232 1392 1376 1436 eonsensu
1435 1361 1438 1370 ’

267 1483 298 1538 t'.
319 1482 384 1540 Per.
408 1483 499 1544 Voss.
522 1483 556 1538 ll.
580 1483 608 1536 et
631 1479 710 1536 Harl.
734 1494 798 1534 oum
821 1480 896 1538 Veu.
921 1482 1050 1535 ostendi!
1069 1479 1274 1541 exhibentium.

330 1583 506 1659 literatores]
530 1587 563 1640 B.
586 1585 736 1642 litterales.

331 1680 486 1768 Messalla]
522 1687 602 1744 llari.
637 1687 773 1746 Mosella.
809 1688 841 1748 P.
872 1701 937 1742 oum
971 1685 1076 1743 oeteris
1115 1685 1198 1744 libris
1233 1689 1376 1762 Messala,

264 1799 380 1866 praeter
408 1794 474 1852 Por.
505 1796 534 1847 et
564 1793 599 1854 Β.
629 1789 797 1848 exhibentes
827 1789 854 1847 id
887 1790 962 1862 quod
992 1805 1057 1847 oum
1089 1790 1199 1848 Woldo
1233 1794 1377 1866 expressi,

264 1895 438 1955 austeritate
460 1895 606 1952 titulorum
620 1899 724 1970 fretus,
748 1909 868 1967 quorum
890 1892 1069 1966 antiquiores
1086 1899 1233 1966 reseptam
1248 1896 1379 1968 seriptu-

265 2017 325 2058 rsrn
360 1999 446 2068 unios
479 2003 654 2074 agnoscunt.
700 2001 738 2056 Ut
769 1995 959 2056 Gruterisnas
990 1997 1126 2072 omittam,
1155 1998 1276 2056 lsndsre
1299 1999 1380 2058 invst

140 2107 148 2120 '
264 2104 378 2162 titulum
408 2104 486 2162 eires
519 2121 546 2162 n.
579 2121 608 2166 u.
640 2119 665 2160 o.
703 2103 765 2159 772
796 2105 826 2158 et
856 2101 917 2160 '773
938 2101 1124 2176 inscriptum,
1147 2119 1165 2158 s
1188 2103 1379 2160 Mommsenio

264 2211 416 2285 vulgatum
452 2208 603 2287 (Beriolnte
635 2211 664 2274 d.
693 2209 733 2286 k„
751 2210 857 2269 ssens.
893 2210 1002 2269 Gesell.
1039 2209 1078 2270 ol.
1107 2209 1175 2273 hist.
1203 2210 1272 2281 phil.
1295 2214 1330 2272 Τ.
1353 2212 1378 2270 1.

264 2332 292 2387 p.
316 2314 403 2388 290).
447 2315 521 2374 Item
543 2316 663 2374 nummi:
687 2314 914 2388 qnandoquidem
934 2318 1017 2371 rente
1037 2313 1152 2372 llekhel
1171 2315 1272 2376 Dsotr.
1300 2331 1381 2397 nunt.

248 2421 295 2478 ⁰1¹.
321 2419 360 2478 V.
388 2436 415 2491 p.
450 2419 513 2476 334
545 2421 636 2477 solem
667 2419 788 2476 nominis
821 2421 941 2475 lormsm
963 2419 1187 2488 ‘MESSAlMA
1219 2417 1248 2474 in
1279 2419 1380 2493 gentis

262 2521 401 2578 Vslerise
434 2523 556 2580 nummis
587 2501 687 2578 iisdem
716 2522 846 2596 exhibet,
875 2521 904 2577 iu
934 2521 1038 2593 quibus
1065 2522 1223 2578 seeundum
1246 2524 1383 2595 exemplo

263 2623 390 2682 llasolrio
413 2626 445 2683 Τ.
468 2623 531 2698 111,
559 2625 584 2684 1.
608 2641 637 2695 p.
661 2623 724 2682 568
747 2626 835 2682 ollas
856 2623 943 2684 etiem
965 2625 1158 2682 MESSALA
1181 2628 1281 2682 fertur.
1317 2627 1379 2683 Sed

264 2730 330 2787 vide
364 2730 486 2788 eundem
508 2729 667 2788 Resoluiurn
688 2731 775 2802 nonio
804 2735 870 2802 post
892 2749 920 2802 p.
950 2731 1023 2792 526.
1066 2732 1175 2790 llsdem
1204 2731 1232 2788 in
1256 2733 1382 2793 nummis

263 2833 408 2906 seriptum
433 2849 460 2890 n.
490 2835 707 2892 Messallioas:
736 2834 906 2908 plerumque
937 2838 1034 2892 tamen
1062 2841 1093 2893 et
1116 2835 1224 2892 numni
1252 2839 1281 2892 el
1304 2837 1384 2898 tituli

263 2937 447 2994 consentiunt
468 2935 497 2992 in
519 2938 695 2996 Messallam
740 2939 877 2996 ceterum
898 2938 980 2995 iuxts
1002 2938 1122 2998 nominis
1144 2941 1289 2998 Messalla
1313 2945 1382 3000 lsr-

262 3057 336 3101 mam
357 3039 568 3100 Antoninorum
589 3043 766 3113 temporibus
780 3043 902 3100 alteram
923 3042 954 3098 is
968 3059 1026 3102 nsn
1042 3043 1140 3100 luisse
1159 3048 1285 3108 testator
1300 3047 1380 3118 qnod

262 3146 335 3206 ulem
365 3147 470 3203 eonsul
497 3161 525 3204 s.
549 3145 612 3203 966
635 3145 663 3202 in
685 3147 781 3217 lapide
801 3147 932 3203 Romano
961 3149 1011 3218 (z.
1034 3149 1057 3206 l.
1080 3147 1108 3208 d.
1129 3149 1168 3204 Δ.
1201 3147 1293 3207 1845.
1317 3152 1378 3210 tob.

262 3252 298 3308 sd
331 3252 387 3310 No.
419 3248 476 3322 65)
510 3251 665 3328 Messalla,
699 3251 729 3308 in
751 3252 861 3329 duro,
893 3250 943 3323 oui
972 3266 1062 3324 oropo
1092 3252 1221 3308 Ronnsm
1242 3260 1379 3324 repertus

264 3353 368 3412 dietum
381 3353 507 3423 (Lersoh
525 3354 721 3418 canuslnus.
736 3355 763 3417 1.
785 3353 862 3431 ns)
884 3356 1019 3414 Messala
1039 3359 1232 3424 nuneupstur.
1253 3357 1380 3416 Formae

262 3457 382 3515 nominis
404 3473 463 3526 nos
483 3472 501 3513 s
523 3457 625 3530 seripti
647 3475 704 3515 non
727 3459 794 3515 nori
816 3459 978 3532 exemulnm
999 3458 1090 3516 ndum
1112 3461 1236 3522 sertum,

325 3554 430 3641 eurio]
452 3563 528 3618 ven
550 3563 654 3620 Florio

326 3659 395 3747 nee]
420 3666 481 3724 PR.
502 3672 564 3724 ne‘.

326 3764 441 3852 l'ioids]
465 3773 531 3829 Per.
555 3769 637 3829 llsrl.
660 3773 691 3824 et
701 3771 791 3830 Voss,
804 3770 928 3848 atala,
951 3769 1003 3826 sed
1022 3784 1049 3830 o.
1065 3769 1114 3830 lt.
1136 3771 1248 3832 rama
1273 3773 1378 3847 Vulgo

262 3891 326 3934 eum
350 3879 383 3936 Β.
405 3877 532 3948 Stella:
553 3874 601 3931 elii
620 3874 761 3950 Sedala,
784 3877 905 3932 nnotoro
927 3873 1087 3932 Wowerio.
1107 3875 1185 3935 ven.
1206 3878 1311 3949 rioilo.

325 3981 356 4039 4.
386 3971 582 4058 distinguent]
615 3977 676 4035 PB.
698 3965 869 4051 disortium.

323 4076 444 4164 mssa]
468 4084 530 4142 Pil.
554 4083 654 4144 Greci.

325 4180 577 4268 sgrsmmstists]
601 4188 668 4248 Por.
689 4189 720 4244 et
740 4185 821 4244 narn
844 4193 876 4246 sl
890 4184 1136 4260 emelotam.
