3038 5032
688 422 986 477 ...mn-

278 627 340 674 nus
372 608 413 676 ad
441 607 544 678 Taciti
567 607 673 676 Germ.
705 631 734 696 p.
765 611 794 676 5.
817 631 866 695 sq.
897 607 983 674 unde
1013 607 1169 672 doeemur
1200 605 1393 673 Germaniae

278 710 425 779 Suetonii
458 711 587 780 libellos
620 715 663 778 ita
700 714 875 798 inscriptos
910 711 1083 797 subiungi:
1119 710 1154 777 C.
1189 707 1394 777 SVE'l'ONll

275 821 538 919 TRANQVILLI
566 831 625 900 DE
649 831 914 902 GRAMATlClS
946 831 1003 898 ΕΤ
1032 821 1302 898 ΒΗΕΤΟΒΙΒῦΒ
1331 828 1393 896 ΙΝ·

275 951 395 1038 ΟΙΡΙΤ,
411 953 525 1041 bisque
541 955 650 1022 verbis
666 957 815 1022 desinere
831 954 1006 1038 „abstinuit
1028 955 1102 1020 cibo
1113 944 1223 1019 ambro
1240 939 1389 1036 ntzbili“,

240 1147 247 1156 ,
275 1075 393 1161 quibus
415 1075 450 1140 in
471 1078 614 1162 margine
643 1076 802 1143 adiectum
826 1089 876 1142 est
899 1089 1016 1158 „vaent
1038 1049 1051 1140 i
1072 1073 1282 1160 exemplaer‘
1330 1071 1389 1138 Cui

275 1177 346 1242 viro
369 1178 561 1244 doctissimo
583 1201 665 1266 quas
688 1181 778 1246 initio
801 1193 835 1246 et
856 1180 918 1244 line
937 1178 1118 1244 libellorum
1140 1179 1292 1244 adnotavi
1311 1194 1390 1263 pau·

273 1299 330 1347 eas
352 1281 425 1348 illus
454 1281 612 1350 lectiones
646 1297 799 1372 acceptas
830 1284 944 1349 debeo.
980 1280 1082 1348 Vides
1109 1282 1172 1348 iam
1202 1304 1275 1349 cum
1298 1279 1388 1348 Peri·

274 1385 415 1452 anniano
437 1387 525 1454 hunc
548 1388 693 1458 codicem
718 1389 962 1471 reconvenire,
984 1384 1073 1472 quod
1091 1385 1217 1451 iunctos
1231 1396 1297 1450 tres
1313 1384 1387 1451 illos

272 1488 422 1576 libellos,
452 1489 555 1558 Taciti
579 1494 679 1578 duos,
711 1492 859 1559 Suetonii
889 1512 988 1557 unum
1013 1489 1054 1554 da
1077 1510 1214 1578 gramm.
1244 1500 1276 1552 et
1305 1487 1385 1552 rhet.

272 1593 454 1680 eodemque
485 1595 640 1680 deinceps
664 1596 776 1661 ordine
808 1595 1049 1681 complectitur,
1075 1592 1160 1659 unde
1185 1602 1386 1678 neuterque

270 1716 312 1762 ex
342 1697 458 1762 eodem
490 1689 578 1762 seinte
614 1698 776 1786 prodierit
813 1697 958 1782 proclive
988 1708 1038 1764 est
1071 1696 1111 1762 ed
1144 1693 1383 1779 suspicandum.

270 1799 375 1890 Quam
410 1801 648 1886 quaestionem,
679 1821 774 1887 quarn
808 1821 903 1867 nemo
940 1823 1004 1868 non
1039 1801 1126 1866 videt
1157 1801 1284 1864 maximi
1308 1819 1384 1863 esse

268 1903 421 1970 momenti
440 1904 472 1968 in
495 1905 688 1969 auctoritate
707 1905 901 1989 scriptorum
922 1905 1048 1970 illorum
1067 1916 1156 1970 recte
1173 1901 1381 1984 aestimanda,

269 2005 310 2072 ab
343 2006 466 2072 editore
498 2005 642 2093 diligenti
677 2007 762 2074 barrd
800 2008 1059 2094 deprecandam,
1094 2028 1200 2094 neque
1229 2004 1382 2070 'Pressius

268 2130 374 2199 neque
410 2109 551 2177 Orellius
580 2109 613 2193 ¹⁸)
651 2112 788 2176 instituit
820 2112 874 2176 vel
902 2112 954 2176 bic
985 2123 1074 2177 certe
1106 2130 1170 2174 non
1202 2110 1245 2172 ita
1280 2117 1382 2172 tracta

268 2219 313 2284 vit
336 2227 371 2284 ul
394 2217 470 2304 quid
502 2217 542 2282 dc
571 2218 739 2303 utriusque
773 2217 846 2282 libri
882 2217 1074 2302 cognatione
1106 2211 1309 2292 statuendum
1340 2209 1381 2274 sit

267 2320 361 2407 plane
397 2321 526 2410 liqueat.
569 2324 600 2389 A
628 2303 723 2387 nobis
754 2340 851 2403 vero,
889 2321 921 2384 in
951 2317 1097 2383 Suetonii
1133 2313 1250 2380 libellis
1289 2315 1383 2378 unice

188 2413 191 2422 ¹
267 2426 448 2528 occupatis,
478 2428 533 2512 qui
563 2444 658 2510 quum
682 2433 854 2489 contextus
879 2425 1013 2488 formam
1037 2419 1270 2515 Neapolitanus
1292 2411 1385 2501 p'raer

268 2539 333 2593 stet
356 2528 559 2613 ignoremus,
584 2527 787 2610 exspectabit
809 2547 915 2610 nemo,
947 2537 981 2590 ut
1004 2522 1148 2588 relictam
1178 2521 1265 2587 illam
1288 2539 1385 2606 quae·

268 2632 405 2696 ctionem
429 2651 489 2696 nos
513 2631 641 2717 quidem
665 2631 707 2699 ita
729 2629 953 2712 absolvamus,
985 2639 1019 2692 ut
1042 2626 1164 2691 nullum
1187 2624 1385 2709 relinquatur

269 2735 413 2801 dubium.
436 2735 550 2802 Dicam
566 2745 673 2800 tamen
689 2734 775 2820 quod
795 2753 832 2798 ea
848 2734 889 2799 de
910 2753 945 2798 re
959 2750 1151 2816 persuasum
1172 2729 1248 2793 mibi
1262 2726 1383 2792 babeo:

269 2847 304 2904 ut
324 2837 457 2906 cedices
471 2838 666 2906 ll'erleianus
686 2851 717 2904 et
731 2838 937 2921 Parisiensis,
953 2838 1008 2922 qui
1024 2836 1145 2920 pariter
1158 2832 1292 2898 eusdem
1310 2830 1384 2898 illes

269 2953 338 3010 tres
359 2943 461 3010 libros
488 2946 668 3025 continent,
692 2961 763 3008 meu
787 2941 829 3006 de
851 2941 1009 3008 sententia
1033 2937 1113 3002 inira
1141 2935 1303 3004 firmanda,
1319 2953 1385 3000 nen

270 3063 312 3112 ex
336 3045 569 3128 Perizoniano,
599 3045 657 3112 sed
682 3065 723 3111 ex
746 3063 802 3128 eu,
827 3046 920 3110 euius
944 3041 1179 3106 Perizonianus
1202 3037 1385 3122 exemplum

269 3162 331 3232 est,
355 3149 509 3234 descripti
529 3158 616 3232 sunt,
641 3163 740 3233 quum
753 3157 883 3233 preeter
897 3144 1137 3216 Henoebianum
1153 3142 1306 3218 memoria
1325 3141 1384 3231 leof

270 3259 389 3322 minum
407 3258 574 3347 exstitisse
599 3256 695 3321 alium
715 3254 816 3320 ullum
834 3253 979 3320 codicem
1001 3270 1064 3316 nnn
1084 3257 1229 3329 constet,
1253 3249 1295 3312 ita
1319 3265 1382 3310 uon

269 3379 369 3446 posse
388 3380 453 3427 nou
481 3381 553 3427 cum
573 3359 635 3426 illis
654 3361 750 3442 etium
774 3357 1042 3442 Neapolitanum,
1065 3352 1213 3437 quamvis
1230 3372 1249 3415 a
1275 3349 1383 3416 scriba

269 3461 378 3532 multis
402 3457 494 3529 loeis
514 3462 566 3527 vel
590 3462 786 3546 corrigendo
820 3461 871 3524 vel
895 3454 1119 3542 interpolando
1142 3463 1294 3520 mutatum
1305 3499 1319 3536 „
1340 3455 1383 3518 ex

269 3567 386 3634 ecdem
409 3567 498 3640 lente
521 3565 654 3632 ductum
676 3585 761 3633 esse.
805 3561 880 3632 Nou
903 3560 1028 3647 urgebo
1051 3558 1138 3644 quod
1161 3577 1245 3643 quae
1267 3562 1299 3627 in
1315 3555 1382 3622 Pe·

249 3843 252 3850 ·
320 3827 350 3895 'l
371 3824 399 3878 ln
418 3821 527 3893 llielogi
548 3823 667 3879 editione
687 3839 711 3881 a.
739 3825 805 3878 istc
823 3821 916 3877 Turiei
935 3821 1044 3894 vulgata
1064 3832 1134 3878 msto
1153 3821 1267 3878 brevius
1287 3817 1378 3875 Praei.

270 3915 273 3929 ⁴
372 3911 501 3982 scripsit:
531 3907 625 3976 „Sane
654 3905 799 3982 antequam
828 3909 953 3964 detectus
986 3916 1062 3965 esset
1084 3907 1295 3970 'Perizonianus‚
1318 3915 1380 3962 ante

269 4016 271 4020 ·
373 4013 470 4052 omnes
496 4003 557 4068 post
583 3994 739 4050 Relrlrerum
762 3996 921 4068 sequendus
946 4004 1004 4052 erat
1021 3996 1215 4052 lurnesianus.
1251 3994 1289 4050 dt
1306 4007 1379 4048 nunc

270 4124 273 4137 .
376 4085 518 4140 meliorem
546 4083 622 4140 illum
640 4087 713 4138 necti
732 4099 793 4138 cum
812 4087 910 4150 simus,
933 4083 1067 4140 luteamur
1083 4099 1202 4142 neeesse
1227 4090 1290 4160 eat,
1306 4081 1380 4136 bunc

377 4184 431 4225 nun
448 4171 593 4228 immunem
619 4186 681 4226 esse
700 4169 734 4226 ab
753 4169 1008 4242 interpolationibus
1033 4177 1114 4244 atque
1133 4168 1283 4235 erroribus,
1307 4165 1379 4222 baud
1430 4213 1434 4220 .

377 4251 528 4310 infeliciter
546 4263 635 4310 tamen
654 4255 782 4310 nonnulla
802 4258 829 4311 in
850 4271 883 4310 eo
901 4257 1017 4327 reperiri
1036 4256 1190 4312 correcta.“
