3054 5000
563 429 821 506 ..73-

192 629 222 684 2.
247 618 403 706 Angusto]
428 625 488 683 PR.
516 625 719 697 compendiose
746 625 819 696 Aup.

190 723 274 809 etus]
305 725 440 788 Detetunr
471 727 560 796 i'otait
587 727 751 789 ltrnestius.
796 725 871 799 Atii,
892 731 925 784 ut
946 726 1155 798 casaubonus,
1178 733 1243 786 aaa

125 835 335 904 eorrexerunt,
366 828 415 886 alii
435 829 655 902 intertexemnt,
686 829 857 902 quibusourn
888 831 986 886 faeere
1008 827 1122 886 videtur
1151 831 1242 886 Wol-

125 934 196 1007 dus,
221 948 308 1005 pueur
331 933 406 990 vide.
1049 913 1054 936 ¹

189 1039 221 1096 2.
245 1030 374 1116 transiit]
398 1037 431 1095 P.
454 1041 484 1093 et
504 1039 571 1094 Par.
598 1039 721 1094 tranauit:
751 1034 803 1090 sed
827 1034 910 1092 iidem
933 1049 999 1091 max
1029 1049 1056 1094 e.
1083 1035 1131 1095 te.
1155 1041 1241 1094 troa-

124 1142 181 1200 u‘t't.
207 1156 233 1200 ο.
258 1140 317 1198 202
340 1143 442 1200 audiit.

188 1261 228 1302 ne
250 1240 350 1326 quern]
374 1248 420 1304 lta
443 1249 476 1306 Β.
499 1261 623 1320 quoque.
657 1245 738 1303 Hert.
763 1246 795 1305 P.
818 1247 907 1302 vass.
930 1247 959 1301 et
982 1246 1046 1302 Par.
1076 1261 1142 1304 euru
1165 1247 1241 1304 ven·

122 1365 234 1424 neque.
280 1350 355 1407 ntud
377 1349 432 1406 iam
455 1354 588 1407 suaserat
613 1347 734 1406 Statius.
1227 1377 1229 1382 v

189 1446 361 1533 Catulinae]
394 1453 471 1512 und.
505 1455 645 1525 quotquot
678 1450 745 1508 novi
780 1451 816 1507 ad
837 1465 922 1508 unam
950 1465 1050 1508 omnes
1085 1451 1239 1530 mutuae,

121 1572 219 1629 neque
241 1573 280 1612 ex
307 1555 387 1613 tibris
408 1559 485 1617 diss.
510 1554 581 1612 meis
604 1555 683 1614 ullus
705 1554 789 1612 aliter
818 1557 933 1626 praeter
955 1556 987 1614 P.
1011 1543 1157 1616 eadm
1184 1573 1240 1614 ex·

120 1660 278 1720 bibentem.
322 1661 382 1718 Sed
405 1659 530 1740 egregie
550 1659 679 1716 Statius:
702 1663 785 1734 „Uno
808 1657 836 1716 in
859 1655 1054 1732 manirseriptu
1073 1660 1239 1738 Gammae,

119 1770 154 1821 ut
177 1764 278 1820 Catuli
299 1765 401 1822 domus
424 1765 521 1828 tuerit.
544 1765 599 1822 tuit
620 1763 694 1822 enirn
716 1763 819 1822 donus
840 1765 874 1832 0.
897 1763 995 1820 Catuli
1016 1763 1139 1838 regione
1163 1765 1189 1822 X
1211 1764 1239 1822 in

121 1882 181 1938 qua
203 1867 356 1928 Palatium.
379 1868 436 1925 elia
457 1868 585 1926 eiusdem
609 1868 729 1942 regione
751 1865 813 1930 V.“
846 1870 879 1926 tn
902 1866 974 1926 Plin.
996 1871 1031 1929 fl.
1045 1869 1084 1932 N.
1098 1869 1238 1934 XXXIV,

120 1971 151 2046 8,
187 1971 227 2029 19
259 1975 339 2028 reate
370 1988 447 2030 uuae
475 1955 632 2045 repositum
668 1973 743 2030 duee
773 1973 922 2032 Marusio:
954 1975 1097 2034 Minerva
1125 1977 1239 2033 limane

120 2077 234 2132 αἰσίων
257 2076 396 2134 Canauna
494 2095 514 2133 a
540 2079 575 2146 Q.
596 2077 715 2135 Matio
738 2079 853 2154 dicatu,
888 2075 937 2133 ubi
959 2081 1044 2133 antea
1068 2076 1237 2154 eatatoao,

12 2201 13 2250 p
120 2195 198 2252 quae
221 2179 305 2259 uoeis
326 2183 419 2238 turma
439 2180 557 2238 Lexieis
579 2180 728 2253 eripienda
749 2184 804 2240 est.

187 2281 295 2338 Palatii
317 2276 402 2363 tune]
433 2286 500 2345 Par.
530 2288 561 2341 et
582 2283 663 2340 Harl.
686 2289 759 2342 tum
781 2283 897 2341 Palatii.
918 2283 994 2338 Ven.
1014 2282 1137 2355 pallacii
1157 2287 1238 2338 dinc.

187 2391 312 2444 oentena
335 2381 486 2468 sestertia]
511 2389 613 2463 Vulgo
635 2404 700 2446 eum
723 2387 802 2448 Harl.
825 2389 861 2446 Β.
885 2389 950 2446 Par.
974 2390 1002 2442 et
1023 2387 1100 2442 ven.
1123 2391 1239 2444 aester·

11 2483 12 2496 ’
121 2495 163 2548 tia
185 2497 324 2550 centena.

188 2593 218 2656 3.
242 2595 404 2650 Praeneste
433 2584 506 2673 ete]
536 2553 659 2651 silentio
686 2591 742 2650 iarn
756 2561 760 2568 ‘
773 2594 928 2666 prernenda
952 2593 1084 2652 videntur
1107 2607 1239 2666 quorun-

120 2701 186 2756 dam
210 2697 370 2756 tentamina
392 2697 478 2756 huius
500 2698 567 2774 toei,
590 2715 609 2756 a
630 2697 721 2755 Statio
744 2703 975 2772 commemorata,
1004 2713 1040 2754 ex
1064 2711 1130 2770 quo,
1154 2695 1240 2754 Wot·

120 2805 169 2878 fla,
198 2817 284 2873 quern
312 2801 392 2878 ride,
423 2802 498 2858 bene
531 2802 716 2877 advertente,
744 2805 898 2860 Fastorum
928 2799 1181 2858 Praenestinarum
1203 2797 1255 2854 ab·

119 2906 178 2964 hoe
201 2905 266 2977 ipso
288 2905 395 2966 Verrio
419 2903 612 2962 ordinatorum
636 2905 783 2976 tragmina
805 2901 986 2975 sFogginio
1002 2900 1150 2974 publicata
1162 2905 1239 2957 sunt.
1321 2965 1325 2970 ¹

118 3011 221 3080 Atque
243 3006 366 3083 Statius,
389 3025 446 3080 quo
467 3008 521 3065 tuit
544 3005 701 3064 admirabili
731 3004 842 3079 ingenii
864 3003 1012 3078 acumine,
1043 3000 1127 3075 quasi
1148 3017 1239 3074 prae-

119 3111 243 3186 sagiens
267 3112 472 3187 adnotaverat,
495 3112 556 3168 deri
579 3111 720 3186 potuisse,
741 3115 775 3166 nt
797 3108 883 3167 etiarn
905 3093 1073 3184 Praeneste,
1097 3105 1238 3179 quemod-

119 3217 235 3273 nodum
259 3197 378 3290 Itomae,
401 3214 496 3272 Verrii
518 3216 587 3272 tosti
608 3215 718 3272 tuerint
740 3229 900 3272 marmorea
927 3212 1029 3286 parieti
1054 3210 1146 3270 inuisi.

188 3312 355 3399 superiore]
378 3321 423 3376 lta
439 3318 520 3378 Harl.
541 3323 574 3381 B.
598 3321 663 3378 Par.
686 3321 777 3380 Voss.
800 3334 865 3377 euru
888 3319 964 3374 ven.
988 3323 1017 3375 et
1039 3315 1131 3374 tribus
1154 3315 1236 3376 eodd.

120 3422 219 3480 vatio.
249 3438 285 3478 ex
314 3420 463 3495 Pogginio
491 3439 510 3477 a
538 3422 650 3480 Wolfio
682 3421 785 3482 eitatis.
838 3419 896 3479 'dot
926 3421 1058 3479 eodieunr
1080 3418 1238 3482 eonsensui

119 3522 320 3595 posthabenda
349 3525 413 3580 erat
435 3523 594 3580 auotoritas
625 3526 657 3605 Ρ,
681 3541 746 3585 eum
772 3526 910 3602 vulgato,
945 3541 1029 3600 quam
1057 3526 1238 3586 retinuerunt

119 3626 251 3682 Wolttus
273 3630 304 3681 et
325 3624 489 3701 BGrusius,
513 3625 675 3686 exhibentis
696 3628 850 3700 inferiore.

185 3723 280 3812 eirea]
310 3731 356 3788 lta
377 3729 457 3790 Harl.
486 3733 546 3790 PR.
570 3735 637 3793 Par.
659 3735 749 3794 Voss.
778 3750 845 3792 euru
873 3734 965 3792 trinus
988 3735 1083 3792 Vatie
1107 3737 1136 3791 et
1157 3734 1232 3794 ven.

119 3835 268 3912 Pressius,
288 3835 327 3892 nil
345 3834 451 3892 munito
465 3837 585 3911 teetnre,
605 3843 725 3912 eontra,-
742 3841 775 3895 ut
791 3838 892 3913 vulgo,
914 3837 1000 3911 quod,
1019 3838 1121 3910 fateor,
1144 3849 1237 3908 segre

119 3937 223 3996 dimisi.
253 3939 335 4012 Aug.
359 3939 417 3995 44:
443 3941 610 3998 Vestattdm
631 3941 730 3998 terum
751 3945 783 3999 io
806 3945 919 4001 metro
947 3945 1107 4016 semmua·
1130 3933 1237 4020 [aepu-

119 4037 267 4123 rammi]
302 4050 333 4100 et
351 4051 457 4102 eontra
475 4046 624 4123 praetoris
659 4047 794 4104 tridarwt
820 4051 910 4126 dedit,
947 4053 977 4105 et
997 4045 1073 4106 alibi.
1104 4047 1176 4104 Ptin.
1201 4051 1237 4112 tt.

119 4150 154 4208 N.
179 4147 327 4221 xxxw,
358 4147 388 4222 d,
415 4149 453 4205 13
477 4149 513 4206 de
536 4149 600 4205 laea
631 4152 765 4206 statuae:
800 4167 880 4226 quae
898 4149 998 4220 fluerat
1023 4155 1128 4208 eontra
1157 4153 1237 4212 devia

37 4247 42 4262 '
119 4254 246 4310 Souris
271 4254 387 4310 aem.
431 4251 581 4310 Rarioren
605 4255 699 4312 tanen
722 4252 981 4330 signidostionu,
1003 4267 1062 4326 qua
1083 4258 1171 4329 osseca
1190 4259 1236 4316 trie
1342 4239 1345 4246 ’
