3054 5000
704 361 965 440 -80-

241 576 314 650 xex
339 558 430 618 veteri
460 565 659 636 monumento,
688 577 745 636 qno
773 561 816 622 M.
845 557 1034 618 annotivo
1065 559 1181 632 exstet,
1208 555 1395 614 eommende·

277 671 352 739 tem,
375 681 441 724 eum
462 664 548 726 Elink
573 666 689 724 Sterkio
711 665 857 742 (symbol.
879 666 933 724 litt.
957 666 1068 727 doetor.
1090 677 1226 738 gymnas.
1256 666 1393 722 Batavo-

276 785 338 828 rnrn
362 769 448 834 v111.
479 786 506 842 p.
534 769 735 848 141susees
766 770 803 830 rie
824 785 856 826 re
879 769 1069 844 disputante,
1097 769 1243 846 adoptavi,
1270 768 1393 844 insuper

276 873 461 946 inseriptiooe
483 889 529 946 ap.
552 876 635 936 Grut.
658 890 686 947 p.
712 871 826 948 128‚5
856 873 947 948 niens,
978 888 1036 945 qna
1063 873 1198 932 flammis·
1226 871 1392 951 cniusdam,

277 978 323 1034 vei
345 979 485 1054 Remmir',
509 983 542 1035 nt
563 977 712 1050 ligorius,
734 993 838 1036 nomen
860 978 923 1034 sine
945 975 1139 1048 adspiratione
1161 961 1300 1049 seriptum
1322 981 1391 1033 ser-

275 1085 331 1142 tor.
374 1081 448 1137 Nam
479 1079 562 1138 titolo
592 1081 750 1154 Ligoriano
780 1097 824 1152 ep.
856 1081 932 1140 tino.
962 1095 991 1152 p.
1021 1080 1094 1154 222,
1124 1078 1154 1153 5,
1184 1080 1235 1138 obi
1261 1080 1390 1140 ΒΗΕΜ.

276 1182 514 1260 PALAEMON,
546 1183 652 1240 nollem
675 1185 759 1241 fldem
782 1183 891 1254 habeo,
914 1183 1019 1256 quippe
1041 1185 1199 1240 deformato
1221 1198 1258 1239 ex
1276 1184 1390 1241 Manu·

274 1285 351 1344 tiano
374 1286 431 1343 aiio
453 1287 481 1344 in
504 1287 644 1362 orthogr.
666 1305 695 1361 p.
721 1287 782 1346 779
806 1291 835 1344 et
849 1288 936 1346 Grut.
958 1304 988 1360 p.
1011 1286 1084 1363 653,
1110 1287 1136 1362 1,
1160 1286 1201 1345 uti
1224 1292 1305 1344 reete
1327 1287 1388 1342 atl-

274 1389 382 1448 monuit
404 1392 441 1450 ad
462 1391 540 1450 huno
561 1392 692 1450 Suetonii
713 1393 811 1450 looont
833 1389 1065 1466 Oudendorpins,
1087 1389 1137 1463 qui
1159 1390 1267 1462 pariter
1284 1391 1387 1448 Rem·

275 1499 356 1617 nztos
384 1495 431 1553 irio
460 1495 596 1572 scripsit,
624 1502 771 1555 servotum
800 1514 817 1553 a
845 1497 879 1553 Β.
907 1497 1010 1558 Troes.
1035 1497 1234 1569 meminive,-
1265 1499 1296 1550 at
1325 1493 1385 1550 rit

274 1635 442 1694 Remim'us.
476 1633 617 1691 omittunt
651 1636 715 1691 Par.
747 1637 777 1690 et
808 1633 905 1707 ilari,
934 1633 1036 1690 relieto
1065 1632 1160 1704 spatio
1181 1647 1285 1692 vanno.
1329 1631 1388 1692 nn.

275 1737 351 1796 Pinr.
384 1739 551 1817 Itemm'ua,
575 1739 652 1810 qood
676 1753 776 1796 nomen
800 1741 896 1795 exstat
919 1753 965 1810 ap.
990 1739 1073 1797 tirno.
1097 1755 1124 1810 p.
1151 1736 1229 1811 ⁷04.
1256 1735 1284 1794 2.
1308 1738 1387 1792 ven.

273 1844 463 1904 Rlnemmr'oa.
504 1845 589 1901 Adde
619 1845 698 1917 qnod
727 1843 754 1900 in
786 1843 849 1903 eod.
878 1842 1064 1917 Divionensi,
1095 1858 1152 1916 qno
1174 1845 1325 1912 excerpta
1349 1857 1388 1898 ex

272 1945 402 2001 Suetonii
434 1948 521 2004 Prato
554 1947 755 2021 eontinentur,
786 1945 967 2004 Palaemonis
989 1945 1080 2004 nostri
1104 1960 1211 2004 nomen
1234 1943 1388 2003 exhibetur

272 2049 410 2129 nemim,
434 2055 509 2108 teste
531 2050 680 2114 [torvillio.

284 2167 288 2176 ·
340 2152 509 2229 Palaemon]
541 2157 573 2215 P.
597 2155 679 2219 Harl.
710 2160 739 2212 et
762 2157 827 2217 Per.
850 2156 1015 2234 Polemon,
1038 2160 1072 2213 ut
1092 2154 1172 2212 int'ra
1195 2155 1226 2211 P.
1250 2169 1381 2227 qnoque.

299 2331 303 2340 ι
338 2257 520 2334 Vieeotinus]
536 2259 601 2319 Par.
618 2261 825 2337 Vincentinue,
840 2263 872 2318 nt
884 2261 961 2322 Ven.
975 2265 1005 2316 et
1017 2254 1189 2338 mensumn,
1205 2272 1259 2331 pro
1275 2272 1384 2317 omo.

284 2375 288 2384 ’
335 2357 475 2439 mulieris]
500 2361 573 2422 Pith.
596 2363 744 2441 rntlttort'a,
768 2363 908 2435 probante
931 2362 1061 2420 schotto.

336 2480 506 2557 textrinum]
530 2481 675 2541 Goniieias
704 2485 869 2542 tentionem
894 2481 938 2558 [id
970 2483 1046 2556 qood
1068 2480 1179 2540 Statius
1208 2473 1384 2557 suadebatlr

183 2593 193 2602 -
270 2585 300 2638 at
315 2585 354 2642 nr.
369 2585 451 2656 nug.
468 2600 495 2645 ο.
511 2587 541 2645 4.
557 2588 628 2645 men.
641 2585 837 2650 wonnlve.
853 2589 892 2648 v.
906 2587 1037 2647 onnenn.
1057 2587 1117 2644 re.
1135 2571 1287 2662 renent,
1305 2580 1386 2640 unna

268 2689 363 2762 prodit
385 2693 547 2770 tentriones,
571 2695 699 2752 fortasse
722 2709 832 2753 verum.

333 2811 421 2870 tilium
433 2811 499 2871 dum
513 2811 682 2888 eomitatur]
705 2814 764 2873 PR.
780 2809 877 2884 tilium
892 2816 1059 2891 comitatos,
1079 2813 1129 2870 sed
1147 2810 1294 2883 posterius
1313 2823 1383 2865 mu-

268 2917 360 2972 tatum
382 2915 412 2973 in
434 2920 602 2976 comitatur.

862 2757 910 2798 dan

319 3034 478 3112 anhelam]
501 3037 603 3112 Vulgo
625 3039 754 3096 annom.

331 3137 456 3214 infamis]
482 3143 548 3201 Par.
572 3145 601 3197 et
625 3140 705 3199 Horl.
727 3142 866 3199 insonate.

329 3240 420 3322 vitiis]
445 3244 526 3303 Harl.
550 3248 580 3301 et
603 3243 676 3300 Ven.
699 3245 793 3304 eicite

327 3346 463 3424 Tiberio]
485 3350 553 3410 Per.
577 3352 607 3406 et
628 3347 711 3412 ilari.
734 3363 799 3406 oum
823 3346 897 3408 Veo.
923 3344 1059 3424 ipbero'o.

279 3429 283 3440 ’
331 3451 360 3510 2.
386 3450 467 3527 enm]
492 3455 526 3512 Β.
550 3447 579 3509 et
603 3454 670 3512 Par.
694 3467 799 3528 quum.
823 3452 898 3512 ven.
922 3455 996 3509 mm.

328 3551 404 3633 Neo]
429 3556 512 3616 fleri.
534 3571 579 3615 oo.

278 3653 694 3736 ,Mmkmm
804 3669 809 3682 ·

278 3827 282 3836 ,
329 3759 430 3838 etiam]
455 3761 529 3820 Ven.
552 3768 587 3822 et.

277 3917 281 3924 -
328 3883 357 3947 3.
390 3880 476 3959 vero]
511 3884 613 3958 Volgo
642 3891 672 3942 et
691 3888 722 3942 et
746 3899 807 3963 en,
838 3877 922 3940 onins
951 3879 1017 3939 loon
1034 3875 1160 3966 {Statius
1190 3875 1379 3938 veleiates.

268 3986 345 4046 Vero
367 3986 451 4052 etiam
475 3987 555 4050 Harl.
584 3989 651 4051 Par.
674 3991 762 4047 Voaa
785 3993 814 4045 et
836 3984 890 4046 ion.
912 3988 972 4045 vet.
994 3997 1060 4044 eum
1084 3981 1157 4040 Ven.

328 4089 388 4166 Μ.]
413 4069 478 4150 Par.
501 4093 650 4155 Marcum.
674 4093 748 4152 ven.
773 4095 811 4153 N.

277 4218 281 4244 ι
327 4189 393 4270 sed]
417 4195 493 4256 Ven.
516 4203 569 4259 set.
