3038 5032
709 421 970 474 *ΙΙΙ-

281 587 313 652 in
334 603 435 672 opere
456 605 520 654 sco
543 605 609 672 quo
633 587 817 672 „scriptore
839 585 984 651 illustres
1005 583 1301 672 linguaebatinae“
1323 607 1396 671 per

280 693 428 778 scripsit,
459 713 533 758 eum
562 693 789 779 grammaticos
824 703 855 756 et
884 691 1032 756 rhetoras
1063 711 1127 754 non
1157 692 1324 777 attigisse,
1356 713 1396 757 ac

281 797 428 862 rhetoras
451 796 592 881 quidem,
616 795 669 861 ubi
692 808 840 864 oratores
862 797 1083 862 tractaverat?
1109 795 1146 860 Si
1169 807 1274 861 tamen
1299 819 1395 863 unam

190 937 193 944 ·
281 914 405 986 partem
425 900 619 983 combussit,
655 899 787 966 alteram
811 901 959 986 reliquit,
993 909 1059 985 qu'o
1081 903 1226 985 gentium
1248 901 1395 967 dicamus

280 1006 364 1072 bano
386 1021 470 1088 quae
492 1015 561 1068 erat
575 1004 624 1070 ‘de
646 1007 864 1090 grammaticis
888 1013 920 1069 'et
953 1002 1138 1070 rhetoribus
1168 1004 1324 1089 detritam,
1362 1017 1396 1070 ut

279 1127 365 1174 novo
388 1119 554 1192 repertore
581 1106 737 1174 Henocbo
763 1119 846 1193 o'pus
868 1119 978 1176 osset:
1002 1129 1096 1192 quam
1120 1109 1244 1174 Patavii
1267 1112 1397 1197 perqui-

279 1211 370 1276 rendi
399 1210 492 1276 labor
514 1210 634 1276 luviani
657 1212 776 1276 frustra
809 1213 869 1276 luit
891 1214 1031 1278 omnino.
1076 1211 1312 1279 Existimationi
1340 1235 1396 1280 au·

279 1327 344 1380 tem
367 1305 453 1382 strae
476 1313 574 1382 Sicco
597 1314 768 1381 consulere
790 1318 818 1382 si
842 1315 990 1399 volebat,
1017 1337 1058 1380 ne
1080 1316 1178 1403 plagii
1201 1337 1396 1404 coarguere·

279 1429 348 1501 tur,
383 1437 489 1504 neque
511 1418 572 1484 alia
596 1418 807 1484 comburendi
830 1437 947 1484 caussa
977 1420 1040 1502 ipsi
1062 1439 1137 1483 esse
1160 1422 1274 1504 potnit,
1299 1422 1395 1485 etiam

156 1523 160 1532 “
279 1523 360 1588 baec
381 1541 458 1607 pars
482 1522 701 1589 comburenda
725 1535 804 1606 erat,
834 1519 1094 1608 quandoquidem
1117 1523 1180 1586 lroc
1203 1523 1317 1588 codice
1340 1544 1395 1588 er·

278 1635 374 1708 cepto
398 1621 480 1690 alius
503 1629 558 1710 qul
585 1627 646 1690 ista
666 1628 856 1708 contineret,
881 1637 986 1692 aetate
1009 1625 1063 1692 illa
1083 1627 1266 1693 bominibus
1289 1628 1394 1694 doctis

278 1727 497 1812 incompertus
526 1728 594 1792 fuit.
638 1726 674 1792 Si
698 1727 835 1813 denique
857 1751 894 1794 ea
919 1750 994 1814 pars
1018 1751 1035 1794 a
1059 1728 1200 1794 Siccone
1220 1750 1284 1795 non
1308 1751 1395 1796 com·

279 1829 374 1896 busta
397 1831 474 1914 luit,
509 1832 563 1916 qui
587 1831 704 1896 lactum
728 1833 788 1914 sit,
823 1843 858 1896 ut
891 1853 949 1898 eae
973 1833 1096 1898 codicis
1121 1833 1275 1919 reliquiae
1306 1835 1395 1900 nullo

280 1947 427 2019 ternpore
458 1957 475 2000 a
506 1955 669 2022 quoquam
692 1935 795 2001 oculis
819 1946 1005 2020 usurpatae·
1019 1939 1100 2020 sint,
1124 1939 1221 2003 immo
1244 1940 1285 2004 ad
1308 1942 1395 2005 hunc

279 2059 384 2124 usque
419 2039 503 2104 diem
537 2042 649 2126 utiquo
684 2041 827 2122 lateant,
865 2061 964 2126 aegre
998 2043 1216 2130 intelligimus.
1269 2044 1394 2110 Etenim

278 2145 333 2228 qui
356 2143 453 2208 hodie
476 2143 584 2208 mutili
600 2146 709 2228 operis
731 2144 862 2210 codices
885 2157 1078 2229 supersunt,
1113 2167 1155 2210 ex
1178 2165 1242 2212 uno
1265 2148 1395 2212 eodem-

280 2267 344 2333 que
366 2246 455 2313 fonte
485 2247 674 2332 prodierunt
700 2249 858 2330 universi,
892 2248 925 2311 id
959 2249 1045 2333 quod
1071 2269 1145 2314 mox
1173 2251 1394 2316 ostendemus.

279 2351 395 2436 Neque
419 2352 558 2438 denique
589 2353 659 2436 ipsa
689 2351 809 2418 lbviaoi
841 2351 937 2416 verba
968 2354 1189 2418 sententiosa
1216 2352 1394 2419 Ritsobelic

280 2459 469 2542 propositae
491 2457 652 2522 addicunt.
694 2457 767 2522 Non
789 2456 905 2522 dicitur
928 2456 1196 2522 Sioco'Suetonii
1215 2457 1331 2524 librum
1354 2459 1394 2524 de

280 2561 358 2626 viris
376 2558 571 2624 illustribus
608 2559 771 2624 invenisse
804 2562 940 2646 eiusque
970 2572 1111 2644 partem,
1159 2581 1243 2646 quae
1279 2572 1394 2646 poetas

280 2674 494 2734 et‘oratoree·
514 2662 683 2748 complexa
707 2673 811 2747 esset,
834 2664 1140 2747 combusisre,'sed
1163 2686 1236 2732 eam
1258 2678 1393 2750 partem,

280 2787 365 2856 quac
386 2779 475 2836 esset
498 2767 538 2832 de
561 2766 747 2833 oratoribus
768 2787 807 2832 ac
828 2769 950 2851 poetis,
982 2767 1023 2832 ab
1046 2789 1085 2834 se
1107 2780 1287 2854 repertam,
1318 2791 1395 2854 sup-

279 2874 454 2959 pressisse,
480 2881 513 2938 ut
534 2890 576 2935 ne
590 2891 730 2956 unquam
752 2871 784 2934 in
807 2870 911 2936 lucem
928 2873 1037 2936 venire
1057 2883 1182 2956 posset,
1206 2873 1293 2958 quod
1307 2894 1395 2940 corn·

280 2975 426 3045 burendo
448 2976 568 3042 lactum
591 2993 683 3057 esse,
717 2972 866 3040 lovianus
896 2993 994 3060 quum
1016 2983 1088 3060 eam
1118 2987 1243 3060 partem
1272 2976 1396 3043 Patavii

280 3079 482 3167 perquireret
504 3091 610 3144 narrat
632 3099 669 3144 se
696 3080 855 3163 reperisse
864 3102 880 3159 ;
913 3078 1001 3162 quod
1031 3080 1166 3145 verbum
1195 3100 1259 3144 oon
1286 3091 1395 3168 potest

280 3203 345 3259 non
358 3183 538 3250 alio‘sensu
552 3203 648 3268 quarn
666 3183 886 3266 cotaperiendi
903 3183 1016 3268 accipi.
1050 3175 1160 3268 Atque
1179 3184 1262 3250 hanc
1281 3201 1393 3248 revera

280 3307 356 3354 esse
381 3289 472 3354 vocis
494 3287 577 3370 vim,
611 3285 826 3371 comprobant
847 3308 929 3373 quaa
961 3296 1142 3373 sequuntur
1172 3287 1270 3352 verba
1292 3307 1334 3350 ex
1356 3307 1395 3352 ea

281 3408 363 3456 voce
392 3391 502 3476 reperi
533 3391 682 3456 continua
719 3391 866 3456 oratione
904 3409 1063 3474 suspensa
1105 3393 1266 3477 ipsumque
1298 3409 1395 3456 atro·

278 3493 397 3583 pontia
418 3501 480 3559 etc.
524 3491 691 3558 Combusti
722 3493 819 3576 igitur
849 3490 949 3556 libelli
980 3491 1189 3576 Suetoniani,
1220 3514 1285 3579 quo
1318 3514 1395 3578 pars

281 3615 344 3662 una
378 3596 477 3662 totius
515 3597 624 3680 operis
661 3596 896 3679 comprehensa
918 3597 988 3680 fuit,
1025 3597 1101 3662 nihil
1137 3597 1298 3682 superfuit
1333 3597 1396 3662 uisi

281 3701 375 3786 sarna,
400 3720 461 3786 qua
485 3697 635 3766 louiaous
667 3708 839 3798 contentus
863 3721 939 3766 esse
968 3700 1088 3768 debuit.
1133 3698 1174 3764 Ut
1204 3700 1395 3786 colligamus

281 3807 312 3871 in
335 3823 444 3887 unum,
469 3822 552 3888 quae
575 3820 616 3866 ex
638 3802 894 3868 testimoniorum
914 3804 977 3870 lide
1000 3805 1110 3870 sobrie
1130 3804 1297 3887 explorata
1321 3822 1396 3887 pro·

281 3908 351 3975 dire
373 3907 524 3973 videntur
546 3926 693 3992 quaeque
716 3925 781 3970 non
803 3908 900 3973 modo
923 3907 1128 3989 verisimilia,
1152 3908 1210 3971 sed
1225 3926 1301 3971 vera
1319 3927 1396 3972 esse

282 4007 438 4076 arbitror:
471 4007 535 4074 duo
565 4009 698 4074 saeculo
732 4009 795 4076 XV
823 4013 1015 4077 exstiterunt
1036 4009 1179 4096 codices,
1214 4010 1289 4076 nihil
1312 4010 1397 4074 inter

281 4133 319 4178 se
349 4114 419 4180 nisi.
443 4115 639 4200 scriptorum
663 4125 828 4207 auctorem
852 4136 1023 4182 commune
1044 4115 1220 4198 habentes,
1257 4135 1395 4201 quorum
1434 4154 1442 4168 -

166 4265 169 4274 .
282 4236 366 4283 unua
388 4216 578 4285 Suetoniani
606 4220 717 4304 operis
740 4231 864 4305 partem
887 4220 964 4286 licet
986 4221 1221 4306 imperfectam,
1246 4240 1330 4306 quae
1354 4219 1395 4284 de

401 4423 423 4460 Χ
