3066 4998
737 385 993 464 ..64-

323 605 326 612 ¹
372 581 584 658 imperteotum]
610 583 690 641 llari.
713 583 780 643 Par.
803 587 833 638 et
854 583 944 642 Voss.
966 595 1068 656 nuper
1081 582 1207 654 forman
1241 587 1275 642 b.
1293 584 1417 656 rbem.

307 687 529 760 Oudendorpius
561 691 675 744 eontert
708 685 794 744 Caes.
817 685 882 744 56:
904 688 961 761 pur·
980 689 1070 744 elion
1096 688 1207 746 eamn
1227 689 1296 754 belli
1314 694 1416 752 Μυία-

305 795 416 848 mom
437 790 707 865 smperpocnnpne
729 790 838 846 eoram
859 792 1050 864 suppleverat

682 956 867 1042 tillir
918 958 1042 1042 llll.

368 1084 520 1144 Staberina
543 1083 617 1158 ete]
647 1086 794 1143 Wolllusz
825 1087 1007 1164 „sinbertus
1028 1087 1123 1144 litera
1142 1101 1201 1144 sno
1226 1087 1317 1162 bero]
1339 1092 1416 1148 ilaee

303 1187 436 1262 vulgaris
470 1188 556 1245 leetio
578 1193 633 1246 est.
677 1189 753 1244 lllud
783 1187 957 1263 [Statorius
978 1191 1056 1248 ma
1085 1192 1159 1248 bero
1179 1204 1248 1267 ano,
1281 1197 1314 1248 ot
1343 1209 1416 1250 nuno

303 1291 474 1368 vulgamr],
497 1293 574 1366 qnod
597 1307 661 1348 eum
685 1291 815 1350 (ludend.
837 1292 959 1366 arlseiri,
990 1309 1027 1350 ex
1049 1294 1201 1366 praeolara
1222 1295 1416 1356 emendatione

302 1397 449 1471 Sealigeri
472 1393 523 1474 [sd
544 1396 646 1456 Manil.
669 1412 699 1468 p.
721 1394 768 1470 2,]
792 1400 848 1470 est,
870 1412 923 1468 per
946 1397 1030 1456 oodd.
1052 1399 1174 1455 llrmata.
1207 1399 1339 1456 Meminit
1360 1401 1416 1458 hu·

301 1500 348 1558 ins
363 1501 471 1574 Erotis,
494 1503 639 1572 tamquam
654 1492 846 1572 grammatica
866 1499 1051 1571 professione
1072 1501 1153 1577 oleri,
1176 1502 1286 1586 Plinius
1303 1504 1355 1566 lib.
1367 1504 1416 1564 35.

300 1603 396 1664 extr.“
418 1603 546 1664 casaub.
567 1604 720 1661 moeros
740 1605 834 1660 litero
854 1617 912 1660 eno
945 1604 1028 1662 bero.
1066 1606 1160 1662 lotus
1181 1605 1229 1662 bio
1248 1577 1335 1663 loeus
1355 1608 1417 1665 sin.

190 1748 199 1758 .
299 1707 399 1782 gulari
421 1707 517 1780 nliqno
540 1709 610 1776 lato,
633 1711 667 1762 ut
688 1706 807 1780 opinor,
829 1705 858 1762 io
880 1708 958 1768 Mss.
982 1712 1138 1779 eorroptns
1160 1713 1222 1766 nst:
1245 1725 1300 1766 neo
1322 1716 1415 1768 tamen

299 1815 336 1870 rie
359 1809 538 1869 restituendo
560 1825 595 1866 eo
618 1809 839 1887 desperantium.
882 1811 931 1866 Ao
959 1810 1080 1881 primurn
1115 1812 1281 1886 nonedam,
1306 1815 1415 1872 Stobe-

298 1925 366 1978 riuo
394 1914 523 1972 exbiberi
549 1932 568 1971 a
594 1915 627 1974 Ρ.
662 1915 696 1970 ll.
732 1915 809 1970 Veri.
839 1917 869 1970 et
898 1913 1018 1973 Mentor.
1052 1914 1132 1974 llari.
1159 1915 1326 1978 Voberna.
1352 1919 1415 1990 Per,

302 2024 450 2084 laterior.
499 2017 715 2089 Insequentinur
748 2017 822 2072 baeo
853 2016 1000 2088 seriptura
1034 2016 1063 2076 in
1097 2017 1181 2076 eonii.
1214 2025 1347 2090 apparet.
1383 2024 1415 2081 Ρ.

297 2130 370 2186 bero
400 2141 457 2185 auo
491 2130 583 2181 mere
612 2123 656 2198 (io
686 2136 781 2194 πυτς.
817 2123 1052 2200 beroenooretro,
1086 2139 1162 2194 qnae
1194 2127 1339 2186 eorreotio
1361 2143 1414 2184 aoa

220 2225 223 2232 ’
296 2236 394 2306 potest
414 2227 511 2302 potari
525 2226 646 2302 Ioviani,
668 2241 756 2299 quum
778 2229 899 2296 reeepta
917 2225 1042 2283 leotioue
1065 2226 1152 2284 uibilo
1173 2228 1272 2286 unior
1293 2229 1341 2304 sit,
1365 2230 1415 2288 seri
1511 2271 1517 2284 .

240 2393 241 2396 ,
295 2339 428 2408 prolecta
460 2332 545 2389 «lebet
574 2345 641 2387 esse
663 2330 699 2386 ab
730 2328 909 2386 llenoebieni
942 2329 1009 2386 libri
1031 2329 1184 2406 scriptore,
1213 2332 1263 2404 qui
1285 2333 1412 2404 quonia

294 2439 395 2496 oodiee
425 2435 592 2508 reperiebat
620 2448 675 2490 sno
698 2437 728 2488 et
749 2431 933 2490 describebat
962 2433 1058 2504 aliquo
1088 2434 1173 2492 morlo
1196 2433 1344 2492 illustrare
1367 2438 1412 2494 vel

293 2542 445 2613 corrigere
467 2536 599 2611 volebat]
623 2542 748 2608 emptio.
773 2538 845 2592 Ven.
867 2538 941 2594 bero
963 2553 1020 2593 suo
1040 2544 1176 2594 nurnero
1194 2545 1298 2600 monae.
1327 2543 1410 2599 Unus

292 2645 357 2702 eod.
379 2641 480 2700 surii:
503 2641 660 2698 slebertus
681 2639 755 2696 bero
776 2655 835 2696 auo
856 2643 951 2699 Melre
972 2647 1068 2698 embra
1091 2645 1129 2698 de
1152 2649 1286 2716 enimto5
1319 2645 1409 2702 alter:

290 2751 465 2809 Straberr'oe
485 2749 621 2802 numera
643 2749 778 2821 worm,
802 2759 839 2800 ex
861 2760 919 2817 rpno
942 2745 1014 2818 ipse,
1030 2751 1070 2802 ut
1097 2749 1186 2804 refert
1207 2747 1337 2822 Statius,
1359 2752 1408 2806 la-
1453 2773 1457 2781 ¹

290 2854 399 2911 ciebat:
430 2851 483 2927 „N.
506 2849 549 2906 Μ.
572 2847 607 2907 c.
630 2853 663 2904 nt
684 2846 724 2904 sit
744 2863 938 2905 nummorum
963 2847 1096 2908 mitons
1125 2845 1280 2912 emteemf‘
1313 2851 1407 2908 Vides

288 2957 343 3015 iarn
377 2960 436 3012 tum
465 2953 613 3010 librarium
649 2952 801 3009 laborasse
835 2951 930 3023 ipsum
964 2967 1019 3009 nee
1048 2953 1118 3025 quiri
1151 2953 1194 3010 roi
1224 2958 1305 3010 esset
1334 2971 1406 3027 per·

287 3059 431 3134 spexisse.
468 3055 550 3114 llanrl
579 3056 693 3128 planius
716 3058 750 3118 Β.
778 3059 808 3112 et
829 3056 914 3131 Pan,
948 3070 1070 3129 qnorum
1099 3057 1149 3114 ille
1173 3059 1404 3116 lesmonas-

284 3181 346 3225 roae
367 3169 483 3236 empore
504 3161 594 3217 beroa
616 3167 772 3233 erepturus
778 3175 792 3235 ,·
815 3158 877 3214 bie:
899 3161 998 3216 lleroa
1021 3156 1096 3236 (tum
1124 3161 1250 3232 spatium
1277 3175 1403 3219 vaenum

285 3274 353 3327 oeto
375 3280 515 3325 novemve
536 3261 712 3336 litterarum)
735 3269 890 3336 empturus
911 3269 1056 3321 numeru
1087 3266 1172 3320 llono
1194 3263 1278 3322 vines
1298 3265 1401 3324 exerr-¹

284 3371 362 3445 plum
383 3369 528 3441 integrum
550 3383 608 3424 noo
629 3367 768 3425 babuisse
789 3372 841 3426 aut
860 3369 963 3442 legere
986 3368 1140 3445 nequisse,
1168 3371 1248 3430 illurn
1268 3349 1400 3444 seriptuss

286 3491 335 3531 ras
366 3472 450 3545 duas,
479 3471 599 3528 alteram
627 3475 753 3536 fortusse
788 3491 806 3529 a
839 3471 1014 3530 eorreetrioe
1042 3489 1129 3531 menn
1161 3479 1338 3549 protestam,
1370 3474 1399 3532 in

287 3592 376 3636 nonu
404 3574 564 3632 conflasse:
593 3577 670 3647 qnod
700 3577 815 3647 planum
847 3577 880 3632 lit
909 3591 946 3632 ex
973 3576 1067 3660 llari..
1086 3591 1152 3635 enu
1179 3579 1273 3651 spatio
1302 3593 1397 3638 saeuo

287 3697 439 3758 exhibente
460 3658 632 3756 be‘r'oYiow
878 3701 1034 3770 muneror
1053 3705 1191 3756 nurnero
1212 3703 1251 3756 de
1272 3707 1396 3788 morlo.

286 3805 347 3861 lam
379 3817 416 3860 ex
445 3800 528 3860 oodd.
559 3800 705 3872 scriptura
725 3803 846 3872 apparet
868 3804 949 3858 eerto
977 3801 1050 3859 bero
1080 3815 1147 3859 eno*
1166 3801 1233 3859 oliru
1254 3804 1394 3877 seriptum

278 3905 392 3980 fnisse3
415 3905 490 3978 qnod
513 3906 643 3961 firmatur
663 3905 774 3978 Voss,
805 3921 841 3961 ex
863 3920 920 3977 qno
943 3904 1075 3964 (ludent.
1098 3907 1180 3962 atl'ert
1201 3908 1291 3966 beros
1311 3922 1392 3984 euo,·

278 4014 338 4067 torn
359 4007 436 4066 band
463 4007 556 4065 miuus
585 4006 734 4080 probabile
762 4013 824 4083 est,
859 4013 927 4066 aute
955 4009 1030 4065 bano
1067 4008 1158 4066 verba
1186 4010 1267 4068 Eros
1293 4011 1391 4070 loeurn

276 4112 424 4189 babuisse,
446 4112 523 4185 quod
546 4112 573 4168 in
598 4113 688 4170 beroa
711 4118 877 4185 corruptum
899 4115 1019 4185 propter
1040 4127 1103 4185 seq.
1125 4114 1199 4171 bero
1220 4114 1389 4187 absorptum

275 4214 374 4292 luerit,
395 4221 427 4274 nt
449 4215 518 4274 nibil
540 4217 656 4275 obscuri
677 4215 732 4274 iarn
754 4217 881 4290 supersit
894 4216 949 4274 nisi
965 4216 1042 4289 quoti
1054 4215 1120 4273 roei
1136 4231 1195 4275 eno
1208 4217 1387 4291 insequetur.
