3054 5000
699 417 952 494 ...94-

270 621 458 696 (duodenum,
481 631 559 694 pune
582 617 679 674 {dener
700 615 854 674 rorabunt.
887 615 1023 672 Ceterum
1047 613 1107 674 ΡΒ.
1128 608 1242 686 urdene
1260 631 1389 691 eunap-

268 718 454 802 petlotione'o,
478 721 607 794 npioibus
620 719 741 778 odientis
764 720 801 778 nd
823 719 973 776 vernorum
992 717 1128 793 ordinem,
1150 718 1180 777 in
1199 728 1282 792 quem
1296 736 1390 777 vernes

200 845 204 852 ·
272 843 421 902 perperam
446 824 639 899 transpositae
661 823 840 898 redigendae
863 827 972 900 meent,
997 822 1161 882 notandum.

304 935 308 956 ¹
337 926 463 1007 quidem]
487 932 533 988 lte
554 929 639 987 etium
664 929 744 988 tlorl.
768 933 797 986 et
820 930 884 986 Por.
913 925 1012 1000 Vulgo
1034 941 1098 983 eum
1122 927 1154 987 Β.
1178 927 1312 1001 puidam.

338 1031 536 1108 protenroreo]
560 1036 634 1116 Ven.
655 1033 848 1107 profectores.

338 1137 445 1212 exstet]
470 1138 502 1196 Ρ.
526 1141 618 1214 nutet,
641 1142 673 1194 nt
695 1153 792 1210 supro.
816 1137 880 1194 Por.
905 1137 935 1192 et
959 1135 1037 1193 Harl.
1061 1140 1152 1196 enini.
1212 1175 1220 1184 ·

694 1311 877 1408 titul
921 1323 976 1405 Η.

344 1488 370 1550 1.
394 1487 517 1564 Luoinn]
541 1491 587 1547 lto
609 1489 674 1548 Por.
704 1502 819 1560 quoqne
841 1490 870 1543 et
893 1481 973 1543 ilari.
1003 1482 1105 1558 Vulgo
1134 1483 1169 1543 Β.
1194 1481 1253 1542 ΡΒ,
1269 1481 1396 1561 Lurius,

275 1595 308 1649 nt
332 1593 406 1652 Ven.

283 1771 287 1782 1
341 1696 465 1772 Plotius]
490 1699 556 1758 Por.
579 1702 609 1755 et
627 1695 710 1774 llnrl.¹
732 1697 862 1760 Piooinn,
893 1694 1002 1754 Firmut
1023 1693 1108 1753 etinrn
1130 1695 1221 1752 Index
1236 1694 1396 1752 rhetorum.

341 1801 369 1857 ln
392 1796 528 1881 epistola]
558 1802 677 1859 Addunt
699 1801 785 1858 etium
816 1803 882 1861 Pur.
905 1805 936 1858 et
964 1800 1061 1877 ilari,
1088 1799 1184 1872 lepido
1214 1799 1263 1858 iile
1285 1797 1398 1856 librarii

277 1903 377 1960 errore
397 1907 507 1983 inepto,
532 1905 636 1978 quippe
658 1904 872 1981 compendium,
896 1919 953 1979 nnn
977 1905 1098 1979 epr'ntoln
1120 1903 1313 1978 scriberetur,
1342 1901 1399 1976 ig-

279 2008 349 2068 nari.
385 2007 541 2066 Abeunto
573 2010 605 2065 Β.
630 2014 657 2065 et
681 2026 699 2065 o
720 2009 803 2082 vulg,
836 2011 880 2066 lin
904 2007 1027 2080 epistola
1056 2007 1207 2072 Ciceronis
1234 2007 1263 2064 in
1286 2009 1399 2079 deper-

279 2111 345 2170 ditis
376 2120 429 2173 ent.
466 2115 512 2170 Ex
542 2114 641 2170 endem
670 2110 964 2188 periter'prnteoisse
994 2113 1109 2171 ridetur
1136 2115 1250 2171 Seneca
1272 2112 1400 2170 Contro-

281 2219 401 2277 versinr.
425 2221 516 2289 praet,
540 2221 620 2276 Nom
639 2222 758 2291 primun
781 2221 913 2276 omnium
936 2217 1065 2276 Latione
1087 2219 1185 2275 rdretor
1204 2219 1319 2276 Rornae
1336 2215 1414 2289 lnil‘

278 2339 378 2399 puero
401 2323 546 2392 tiverone
568 2323 692 2383 Plotinr.
724 2323 769 2385 Ct‘.
794 2326 939 2381 Hermann
962 2323 1007 2381 lle
1030 2323 1173 2402 scriptor,¹
1188 2323 1229 2384 ili.
1252 2340 1297 2397 op.
1323 2325 1400 2382 iiie-

283 2442 432 2497 ronymum
454 2442 482 2498 p.
506 2427 526 2484 9
550 2431 578 2483 et
601 2427 805 2501 Stnerenbnrg
827 2427 864 2483 nd
888 2425 949 2487 Cio.
973 2442 1024 2498 pro
1047 2425 1137 2485 Aroh,
1162 2443 1188 2498 p.
1211 2424 1309 2485 xnlt.

348 2528 405 2605 Μ.]
435 2530 482 2586 Ito
510 2529 571 2590 ΡΒ.
602 2537 633 2589 et
663 2531 743 2591 lieri.
779 2529 881 2589 Ceteri
902 2529 967 2587 libri
997 2534 1026 2587 et
1055 2529 1146 2602 vulgo
1177 2529 1336 2609 Murenrn,
1368 2535 1402 2586 ut

283 2633 431 2693 Truentus.

348 2733 495 2812 Titinium]
516 2737 582 2802 Por.
600 2738 679 2798 Harl.
698 2743 727 2794 et
755 2739 787 2802 Ρ,
799 2738 969 2798 Titinoinm.
993 2735 1127 2810 Vulgata
1147 2735 1298 2813 illiniunt,
1314 2751 1401 2808 quum

283 2847 380 2901 tuetur
409 2843 462 2918 B.‚
492 2846 573 2901 reete
595 2841 690 2904 habet.
720 2845 758 2902 V.
782 2841 912 2901 Oudend.
936 2847 966 2899 et
987 2843 1185 2901 iinrlouettum
1214 2842 1250 2900 ed
1273 2840 1400 2900 Foroell.
1518 2847 1519 2854 ’

283 2945 312 3012 h,
336 2966 363 3008 v.
399 2947 483 3005 Adde
505 2947 629 3021 lapidem
651 2948 679 3005 in
702 2947 840 3008 Giornele
862 2945 1008 3006 Arendieo
1035 2946 1126 3008 teto.
1151 2943 1282 3017 deunajo
1296 2962 1324 3019 p.
1346 2945 1399 3003 72.

349 3067 378 3126 2.
401 3067 538 3144 Plotium]
575 3069 641 3128 Per.
673 3072 703 3126 et
733 3071 811 3130 iteri.
843 3071 988 3131 Plocium.
1024 3067 1220 3129 Praemittitnr
1247 3067 1339 3143 vulgo
1364 3067 1399 3128 Β.

284 3173 493 3236 vernonium
526 3172 629 3234 Omisit
650 3180 679 3234 et
705 3177 769 3233 Per.
794 3190 859 3234 oum
882 3174 962 3233 Harl.
996 3172 1127 3232 Retinnit
1148 3177 1181 3233 B.

349 3275 428 3352 oum]
451 3277 497 3334 ito
519 3278 579 3339 PR.
603 3281 679 3339 Ven.
703 3295 802 3356 quoru.
825 3282 925 3354 Troes.
948 3296 1052 3356 quum.

349 3378 435 3458 idem]
459 3382 553 3442 Abest
574 3400 592 3440 n
614 3386 648 3443 Β.
671 3383 748 3442 hnnd
770 3385 853 3442 mole.

350 3480 423 3538 idem
445 3483 526 3560 milri]
551 3489 636 3543 tinne
662 3487 789 3546 ordinem
813 3489 965 3548 verborum
988 3490 1047 3548 ΡΒ.
1086 3487 1183 3546 Ceteri
1211 3485 1276 3546 libri
1299 3503 1400 3544 ornnes
1448 3501 1462 3510 “

285 3590 318 3644 ut
340 3586 431 3660 vulgo
453 3589 525 3644 milri
545 3591 633 3668 idem,
656 3591 732 3664 quod
756 3591 834 3650 dedit
855 3591 1004 3654 Trossins.

350 3687 505 3768 hominum]
529 3693 595 3752 Pur.
615 3697 646 3752 et
667 3696 743 3753 Ven.
765 3696 907 3756 uirorum.

249 3830 252 3841 ¹
351 3811 381 3874 Β.
404 3811 460 3888 on]
486 3815 559 3876 Ven.
582 3817 717 3876 Morene.

351 3930 483 4010 Coelius]
507 3936 574 3996 Por.
598 3937 820 4001 donatiuum
843 3940 918 3998 Ven.
942 3940 1053 4000 Celere.

351 4053 547 4132 nignissnnbot]
569 4059 705 4116 Muretus
728 4061 803 4121 Ver.
825 4059 892 4118 ieet.
915 4062 998 4136 xvi,
1032 4061 1068 4118 ll
1094 4059 1217 4118 molebat
1239 4053 1398 4136 emollient,

286 4154 474 4230 probantibus
497 4159 525 4218 ln
548 4160 623 4219 notin
638 4162 843 4236 Oudendorpin
865 4169 894 4221 et
907 4166 1028 4243 Wolfio,
1051 4181 1139 4238 quum
1158 4179 1253 4222 nermo
1267 4165 1347 4220 esset
1362 4163 1400 4218 de

286 4261 366 4319 libris
388 4261 483 4320 ndhno
504 4267 696 4328 exstantibus.
