3038 5032
679 365 961 423 ...m-

265 537 430 604 Hiccneti.
464 535 559 603 llhet.
590 553 619 599 c.
644 533 660 598 1
685 533 760 600 salu
781 551 842 617 pro
870 531 1052 612 usercam
1073 527 1126 596 vel
1153 533 1193 594 ia
1221 531 1410 618 orthogra-

264 641 338 726 phia
361 660 472 725 prava,
495 649 531 704 ιιι
547 635 688 704 Gramm.
712 656 739 704 c.
757 637 957 724 diligenter,
984 654 1012 700 c.
1025 635 1047 698 8
1062 631 1250 720 cohortata..
1270 632 1411 700 Conve-

265 747 355 812 niunt
392 746 488 810 etiam
521 743 554 806 in
584 739 778 806 lectionibus
812 737 1048 826 singularibus,
1081 746 1116 800 ut
1147 739 1318 804 mersisse
1344 757 1408 820 pro

264 850 431 930 transiisse
453 845 508 912 Gr.
533 864 561 909 e.
578 845 609 907 4.
626 843 797 929 semetque
819 843 1036 928 profecitque
1059 850 1092 906 ot
1114 837 1198 904 dicit
1223 859 1292 922 pro
1318 839 1408 906 diem

264 972 293 1018 o.
313 953 345 1016 5.
378 945 500 1014 Eadem
532 965 773 1032 nonnumquam
804 945 967 1014 scribendi
997 943 1214 1028 compendia,
1255 963 1407 1030 quorum

263 1055 390 1139 insigne
413 1048 596 1134 exemplum
619 1058 670 1113 est
691 1069 720 1115 c.
742 1050 764 1113 8
786 1071 828 1114 ·n·
849 1068 909 1134 pro
931 1047 1042 1117 Ennii.
1078 1043 1227 1142 Eaedem
1255 1046 1405 1114 lacunae

263 1155 323 1222 llh.
357 1173 385 1218 c.
417 1154 439 1220 5
468 1163 543 1236 post
573 1150 680 1218 obiicit
712 1163 744 1216 et
780 1151 834 1218 Gr.
858 1173 887 1220 c.
909 1151 932 1214 4
954 1161 1028 1235 post
1058 1156 1197 1218 remoto.
1248 1149 1404 1218 Perraro

264 1266 394 1322 notatur
423 1255 639 1339 discrepantia
674 1254 798 1340 aliqua,
832 1277 874 1322 ex
907 1274 1018 1320 errore
1049 1253 1104 1319 vel
1136 1252 1227 1319 mala
1261 1255 1402 1322 scribae

262 1357 435 1427 sedulitate
462 1358 557 1424 facile
588 1358 807 1443 expedienda:
838 1380 911 1426 nem
947 1358 1063 1444 quodsi
1094 1357 1153 1424 llis.
1186 1359 1211 1422 2
1243 1361 1403 1426 virorum

262 1486 281 1530 a
303 1463 375 1531 Par.
399 1483 458 1547 pro
481 1461 643 1530 hominnm
664 1463 850 1546 exhibetur,
872 1463 906 1529 id
929 1481 970 1526 ex
998 1461 1257 1547 interpolatione
1283 1473 1400 1530 natum

262 1587 338 1636 esse
367 1576 494 1651 potest:
528 1567 798 1654 quemadmodum
828 1569 925 1634 etiam
948 1565 1164 1651 negligentiae
1188 1568 1342 1648 omissio
1366 1589 1404 1640 v,

263 1669 412 1756 appellat
434 1668 581 1734 eiusdem
604 1688 675 1752 cap.
698 1667 760 1734 sub
782 1669 890 1754 finem,
925 1669 986 1733 vel·
1001 1689 1031 1733 v.
1054 1667 1090 1732 id
1109 1689 1137 1733 c.
1160 1669 1182 1731 6
1207 1670 1267 1737 fin.
1294 1671 1396 1736 tribui

261 1781 381 1856 potest.
424 1769 590 1864 Hactenus
619 1783 710 1838 recte
739 1773 845 1839 omnia
877 1771 1068 1858 procedunt.
1109 1771 1153 1838 At
1182 1793 1255 1838 una
1281 1783 1395 1840 exstat

263 1875 460 1960 differentia,
491 1879 629 1943 nonita
658 1876 754 1943 facile
784 1875 1003 1962 expedienda,
1033 1876 1126 1942 cuius
1149 1877 1250 1963 origo
1275 1881 1392 1963 utique

263 1997 315 2042 me
339 1977 427 2061 latet,
453 1980 481 2044 si
504 1999 568 2046 non
591 2001 633 2045 ex
655 1981 859 2047 correctione
883 1981 1057 2066 repetenda
1081 1991 1142 2062 est,
1164 1977 1228 2043 Gr·
1251 1982 1310 2065 24,
1336 1981 1391 2046 ubi

262 2079 350 2149 ilari.
382 2103 425 2164 se,
449 2082 523 2148 Par.
546 2105 619 2150 cum
642 2084 761 2150 ceteris
793 2083 883 2150 libris
906 2094 996 2149 recte
1025 2104 1143 2150 omncs.
1182 2082 1297 2151 Etiam
1324 2105 1391 2149 rna·

261 2189 365 2253 iorem
388 2187 575 2273 scrupulum
597 2187 716 2271 iniicit,
741 2187 827 2276 quod
851 2207 880 2254 c.
903 2189 941 2268 9,
972 2186 1025 2251 ubi
1050 2185 1136 2254 Harl.
1160 2207 1237 2253 oum
1264 2188 1388 2256 ceteris

238 2301 385 2358 ·tantum
414 2310 478 2357 non
508 2292 659 2358 omnibus
690 2291 782 2358 libris
808 2291 914 2376 filium
936 2290 1077 2376 exhibet,
1109 2291 1180 2356 eius
1204 2281 1386 2366 loco:Par.

263 2393 426 2459 scribendi
449 2396 674 2479 compendium
689 2395 932 2482 significationis
947 2397 1089 2462 incertae
1107 2397 1212 2482 offert,
1240 2419 1259 2464 a
1277 2395 1387 2464 scribe
1405 2445 1406 2452 r

264 2499 333 2560 eius
363 2498 476 2581 ignaro
506 2517 547 2563 ex
576 2498 689 2562 codice
719 2519 780 2565 suo
804 2499 942 2564 fideliter
972 2501 1153 2584 repetitum.
1199 2501 1266 2586 Qui
1292 2502 1386 2575 locus
1488 2567 1490 2591 Α

263 2599 346 2665 hanc
368 2601 466 2666 habet
489 2601 570 2684 vim,
604 2609 637 2665 ut
661 2601 805 2687 quaeda
835 2603 1028 2688 cognatione
1062 2603 1233 2690 utriusque
1258 2603 1384 2670 codicis

264 2704 489 2788 supraposita
513 2714 588 2770 sunt
609 2702 706 2790 plane
728 2703 909 2771 convellat:
933 2725 1039 2791 neque
1062 2690 1150 2791 qnod
1173 2707 1248 2792 quis
1268 2717 1384 2794 putare

263 2809 379 2893 possit,
403 2827 444 2872 ex
467 2805 778 2893 Harl'descriptum
800 2809 940 2874 fortasse
956 2829 1031 2873 esse
1049 2808 1280 2900 Parisiensem,
1305 2829 1383 2878 oon·
1469 2865 1472 2872 .

265 2911 337 2976 cedi
353 2920 463 2996 potest
479 2909 616 2995 propter
628 2914 847 2979 testimonium
861 2912 1092 2999 subscriptoris
1111 2911 1151 2978 de
1171 2913 1273 2999 fonte,
1295 2913 1381 2979 unde
1488 2913 1489 2916 ’

262 3013 418 3098 hauserit,
449 3011 623 3080 llarleiano
652 3015 712 3080 sub
743 3017 838 3081 finam
866 3016 1040 3104 adiectum,
1072 3016 1160 3103 quod
1183 3015 1380 3084 Peristerrsis
1488 3041 1495 3076 r

262 3115 411 3184 librarius
434 3116 643 3205 neglecturus
667 3139 731 3183 non
753 3117 885 3203 inisset,
915 3119 991 3186 duro
1023 3141 1137 3187 rursus
1160 3133 1297 3207 propter
1319 3119 1382 3184 hoc

262 3221 368 3306 ipsum
392 3223 610 3290 testimonium
641 3242 682 3288 ex
711 3222 889 3289 Parisiensi
910 3221 1102 3291 Harleianus
1132 3223 1239 3289 codex
1261 3225 1379 3290 ductus

263 3345 338 3392 esse
372 3344 437 3391 non
469 3338 588 3412 potest.
632 3325 805 3393 Postremo
838 3349 936 3394 unum
966 3327 1083 3393 librum
1117 3326 1158 3392 ab
1187 3325 1292 3394 altaro
1324 3326 1379 3390 de·
1494 3245 1496 3396 l

263 3430 420 3514 scriptum
443 3449 507 3495 non
537 3449 623 3513 esse,
653 3431 856 3496 manifestum
887 3451 928 3495 ex
951 3451 978 3496 c.
1002 3431 1040 3515 d,
1070 3431 1125 3497 ubi
1149 3427 1235 3497 llari.
1255 3431 1376 3518 primo,

263 3533 388 3604 scilicet
411 3543 500 3598 recte
524 3532 686 3617 explicato
709 3532 902 3618 compendio
920 3533 999 3619 pio,
1023 3533 1109 3620 quod
1131 3535 1163 3599 in
1187 3533 1302 3600 codice
1316 3549 1376 3598 suo
1494 3489 1496 3588 l

262 3635 369 3704 scriba
393 3635 662 3722 deprehenderat,
685 3634 759 3701 Par.
783 3650 890 3702 autem
908 3641 1033 3724 patrio,
1053 3637 1141 3724 quod
1163 3638 1270 3704 scriba
1289 3653 1375 3702 com·

262 3738 382 3826 pendio
404 3738 460 3802 illo
483 3739 642 3804 contineri
664 3736 746 3806 laiso
770 3739 985 3827 existimabat,
1019 3743 1116 3808 horno
1139 3739 1319 3807 ineruditus
1344 3745 1376 3802 et

261 3844 447 3930 negligens,
475 3843 530 3929 qui
560 3843 718 3908 scriberet
747 3843 886 3912 Attente
905 3864 976 3930 pro
1003 3846 1133 3914 Atteius
1162 3856 1194 3910 et
1224 3865 1320 3930 quum
1344 3843 1373 3904 in

263 3948 463 4032 compendiis
486 3947 665 4032 scripturae
687 3947 899 4032 expediendis
921 3969 1033 4034 parurn
1057 3951 1254 4015 exercitatus
1275 3955 1372 4025 esset,

261 4051 432 4138 &epm
456 4071 516 4138 nro
538 4052 646 4138 ι’ριίιιι,
677 4069 707 4117 c.
735 4053 766 4119 t.
810 4055 902 4122 llaec
924 4073 1022 4140 qaum
1050 4056 1093 4120 ita
1117 4055 1192 4137 sint,
1223 4048 1372 4140 quemad·
1494 4063 1496 4160 p

261 4153 393 4224 modam
423 4155 465 4224 da
499 4158 677 4247 archetypo
707 4155 871 4227 llarleiani
899 4157 1097 4246 censuimus,
1131 4160 1216 4228 idam
1239 4173 1372 4258 necesse

859 4973 864 4978 .
926 4749 1496 5002 ,ᾴᾈ
