3038 5032
447 1431 450 1437 ¹
539 1507 1004 1604 Plilllllllll.

215 1831 365 1968 llibellos
389 1897 430 1962 de
452 1897 633 1963 illustribus
666 1899 885 1984 grammaticis
908 1897 1004 1963 etde
1027 1897 1122 1964 cleris
1146 1896 1328 1964 rhetoribus

190 2003 361 2093 ‘Suetonii
391 2003 569 2089 Tranquilli
611 2005 740 2068 nomine
774 2005 923 2090 vulgatos
955 2024 997 2068 ex
1026 2024 1130 2088 opere
1165 2003 1332 2088 ampliore,

217 2109 304 2194 quod
328 2109 368 2172 de
390 2109 468 2173 viris
488 2107 663 2172 illustribus
693 2107 765 2192 vel,
797 2110 825 2172 si
855 2107 1083 2172 casaubonum
1112 2108 1206 2194 sequi
1229 2106 1333 2190 malis,

217 2209 256 2274 dc
283 2212 360 2276 uiris
383 2212 414 2274 in
445 2209 563 2279 litteris·
579 2209 757 2276 illustribus
780 2212 992 2296 conscripsit,
1028 2212 1090 2274 iam
1115 2214 1207 2276 inter
1220 2229 1333 2275 omues

217 2326 346 2380 constat
382 2325 555 2400 excerptos
594 2336 698 2400 eaque
734 2315 803 2378 fere
834 2314 954 2397 forma,
993 2335 1055 2398 qua
1099 2334 1183 2398 opus
1221 2322 1335 2378 auctor

216 2421 343 2504 ipsein
367 2421 484 2507 vulgus
507 2421 639 2504 prodire
661 2422 803 2504 iusserit,
828 2420 868 2485 ad
892 2440 952 2486 nos
976 2420 1118 2504 perlatos
1142 2441 1226 2486 esse.
1261 2420 1334 2502 Quo

218 2545 319 2610 opere
341 2547 441 2611 quum
464 2526 538 2590 olim
562 2526 701 2590 luissent
730 2527 784 2610 qui
807 2525 1044 2608 existimarent,
1070 2546 1135 2590 non
1164 2526 1270 2592 solum
1294 2525 1335 2589 de

218 2631 296 2695 viris
326 2631 474 2696 litteratis
508 2631 617 2714 egisse
647 2629 886 2715 Tranquillum,
923 2631 983 2698 sed
1012 2634 1046 2696 in
1076 2634 1263 2697 universum
1294 2630 1335 2695 de

219 2733 371 2799 omnibus
400 2745 453 2800 aut
485 2735 650 2820 plerisque
682 2733 832 2798 omnibus
867 2733 1043 2818 Romanis,
1081 2734 1187 2818 aliqua
1218 2733 1335 2818 insigni

219 2835 316 2902 laude
351 2836 550 2921 illustribus,
586 2838 670 2903 duee
701 2837 892 2922 praesertim
926 2836 1114 2902 Alexandro
1144 2835 1335 2918 Minutiano,

219 2944 275 3027 qni
298 2963 363 3008 uno
385 2944 478 3009 titulo
496 2943 644 3010 Suetonii
665 2943 705 3008 de
726 2943 804 3008 uiris
823 2941 999 3008 illustribus
1014 2931 1088 3006 illos
1106 2941 1189 3008 duos
1208 2940 1335 3006 libellos

219 3049 281 3110 una
306 3067 379 3112 cum
401 3045 485 3111 libro
510 3049 637 3132 integro
659 3047 784 3112 Aurelii
810 3044 964 3130 Victor-is,
989 3066 1054 3131 quo
1082 3047 1182 3130 prisci
1210 3045 1349 3109 Rornae·
1428 3102 1432 3110 ,

219 3169 315 3236 reges
344 3156 415 3216 sive
445 3153 546 3216 duces
576 3161 822 3234 enumerantur,
851 3141 1027 3215 Mediolani
1055 3149 1255 3234 publicasset
1281 3145 1333 3230 l):

220 3251 261 3318 ls.
275 3254 502 3339 Casanbonus,
524 3254 617 3320 euius
635 3255 736 3322 lerme
752 3254 850 3320 verba
873 3255 904 3318 iu
918 3253 1142 3338 superioribus
1163 3252 1335 3338 exscripsi,

219 3413 508 3428 m

273 3494 301 3563 *i
326 3494 380 3562 Qui
399 3505 524 3554 nontam
551 3501 633 3555 unius
651 3497 796 3556 Miuutinni
815 3515 896 3572 quam
914 3497 1021 3553 saeculi
1047 3515 1126 3554 error
1150 3498 1237 3556 luisse
1255 3501 1335 3558 vidc-

324 3591 377 3652 tur,
404 3586 622 3659 quandoquidem
649 3586 764 3642 eundem
784 3585 906 3640 Victoris
930 3583 1054 3640 libellum
1080 3585 1208 3640 Suetonii
1226 3590 1336 3648 nominc

327 3677 410 3744 atque
429 3672 480 3727 sub
500 3673 579 3728 titulo
600 3672 635 3728 cle
660 3673 730 3728 viris
748 3671 905 3728 illustribus
921 3671 1027 3744 pluries
1052 3672 1163 3728 citatum
1183 3681 1211 3729 et
1229 3676 1336 3748 expila-

323 3759 379 3812 tuni
404 3761 495 3831 reperi
523 3761 551 3814 in
569 3759 605 3814 A.
624 3759 721 3815 Sebini
749 3760 958 3816 Commentariis
982 3759 1017 3814 ad
1046 3759 1205 3816 Iuvenalem
1228 3759 1334 3816 Romae

328 3847 410 3910 14⁷4,
436 3844 470 3900 ud
498 3843 555 3900 Sat.
583 3847 609 3913 l,
632 3845 681 3899 ubi
706 3845 741 3900 de
760 3845 867 3900 Licinio
896 3843 1025 3917 Stolon03
1051 3839 1086 3899 nd
1113 3846 1171 3904 Sat.
1195 3846 1220 3900 ll
1240 3853 1267 3900 et
1290 3846 1338 3914 lll,

199 3943 206 3955 ·
325 3929 371 3984 ubi
401 3929 435 3985 dc
461 3929 498 3990 Μ.
528 3930 612 3986 Curio
638 3931 774 3998 Dentat03
804 3930 840 3985 nd
864 3929 921 3986 Sat.
944 3929 993 3998 Vl,
1014 3933 1081 3998 308,
1113 3931 1160 3985 ulii
1186 3931 1221 3986 le
1245 3930 1337 3987 'lullia

212 4089 216 4096 ¹
239 4068 244 4088 ‚
325 4016 418 4072 Servii
442 4016 480 4089 l.;
500 4019 535 4073 nd
553 4019 610 4075 Sat.
630 4017 709 4084 Vlll,
727 4017 775 4071 ubi
794 4018 829 4073 de
848 4019 877 4076 P.
897 4018 1026 4073 Aemilio.
1062 4016 1157 4083 Quint
1174 4019 1249 4090 qnod
1267 4019 1351 4075 Sue?

324 4105 391 4158 tonii
417 4103 511 4174 (etiam
531 4105 614 4160 Plinii
635 4103 769 4174 Secundi)
787 4105 897 4160 nornine
921 4104 992 4159 liber
1009 4105 1063 4158 iste
1091 4104 1164 4178 typis
1182 4105 1340 4178 descriptus

325 4189 438 4244 saeculo
457 4188 523 4247 xvt
541 4193 690 4266 aliquoties
708 4192 817 4265 prodiit.
855 4192 887 4250 V.
907 4189 1064 4246 Mussmunn
1079 4190 1114 4246 nd
1138 4190 1227 4248 Taciti
1245 4189 1338 4250 Germ.

324 4295 351 4350 p.
372 4279 419 4366 13.Ἰ

1088 4368 1131 4440 1,.
