3038 5032
730 399 983 478 ...10-

250 607 279 673 a,
300 587 345 664 ad
382 584 543 666 tuendam
557 687 563 696 ι
577 590 742 670 sobolem.
795 593 915 689 ltaque
948 613 1026 668 cum
1061 613 1104 665 se
1139 594 1176 664 in
1213 591 1309 668 Urbe
1349 613 1410 666 non

300 708 411 786 solnm
445 714 597 789 Antonio
633 712 822 815 Gnipboni‚
865 711 929 788 sed
966 713 1096 790 ceteris
1122 715 1231 788 etiam
1260 711 1410 792 deterio-

301 831 394 907 ribus
420 837 584 934 postponi
611 834 769 928 videret,
803 835 928 912 Cumas
955 834 1108 924 transiit,
1135 833 1258 932 ibique
1286 838 1319 910 in
1346 839 1411 910 ctio

260 945 273 970 ‘
300 955 407 1044 vixit,
442 961 477 1028 et
512 954 617 1030 multa
647 949 859 1058 composuit,
894 979 1017 1033 verum
1051 951 1144 1039 adeo
1183 959 1289 1058 inops
1316 963 1412 1054 atquc

301 1095 431 1171 egens,
466 1081 503 1146 nt
542 1084 688 1150 coactns
723 1080 788 1171 sit,
821 1083 1044 1180 praecipuum
1083 1076 1171 1156 illud
1210 1077 1410 1179 opusculum

300 1217 398 1268 snum
423 1193 604 1271 Annalium
625 1198 712 1272 Enni
734 1198 966 1276 Elencbornm
994 1197 1152 1274 sedecim
1185 1199 1325 1276 milibus
1352 1221 1411 1272 nn·

247 1333 279 1400 a,
303 1339 389 1388 inum
418 1314 553 1392 cuidam
579 1318 746 1396 vendere.
793 1321 890 1408 Quos
922 1319 1030 1396 libros
1057 1319 1211 1396 Orbilius
1243 1341 1409 1421 suppres-

301 1462 363 1512 sos
391 1435 582 1515 redemisse
607 1463 648 1516 se
674 1440 775 1535 dicit,
808 1438 1077 1541 vulgandosqne
1104 1463 1259 1518 curasse
1283 1442 1413 1516 nomine

272 1564 464 1664 auctoris.

248 1712 278 1781 ι,
377 1687 433 1760 lx.
466 1685 672 1761 Orbilius
704 1683 1271 1787 PupillusBeneventanus,
1308 1688 1412 1759 morte

300 1813 478 1909 parentum
513 1831 581 1880 nna
616 1813 720 1905 atque
752 1805 875 1883 eadem
912 1808 969 1884 die
1000 1809 1214 1894 inimicorum
1250 1806 1336 1884 dolo
1361 1808 1411 1878 in·

222 1983 223 1990 ι
298 1935 543 2030 teremptorum
569 1927 768 2022 destitutus,
803 1933 911 2031 primo
938 1931 1166 2031 apparituram
1195 1917 1410 2026 lnag'istrati·

297 2050 362 2126 bus
384 2048 487 2124 fecit:
514 2048 642 2126 deinde
665 2053 697 2124 in
716 2051 923 2128 Macedonia
949 2051 1306 2151 corniculonnqune
1326 2067 1411 2145 equo
1433 2125 1435 2132 .

298 2175 439 2248 mernitz
465 2172 675 2272 functusque
694 2171 812 2248 militia
826 2171 941 2248 studia
960 2176 1109 2276 repetiit,
1133 2197 1224 2271 quae
1247 2178 1314 2248 iam
1337 2166 1411 2244 inde

297 2319 318 2368 a
343 2318 454 2397 puero
490 2295 621 2373 leviter
647 2300 828 2395 attigerat3
868 2316 911 2370 ac
937 2293 1121 2397 professus
1145 2293 1206 2370 din
1235 2299 1268 2370 in
1297 2292 1410 2395 patria,

297 2420 581 2517 quinquagesimo
604 2419 739 2495 demum
766 2442 858 2494 anno
877 2418 1030 2510 Romam,
1058 2417 1207 2494 consule
1230 2421 1409 2500 Cicerone,
1478 2405 1482 2412 ’

295 2538 453 2610 transiit:
505 2536 694 2637 docuitque
736 2543 865 2615 nraiore
903 2539 992 2614 tama
1032 2561 1131 2635 quam
1169 2539 1408 2614 emolumento.
1495 2597 1496 2614 ι

245 2667 275 2732 2.
295 2657 449 2755 Namque
486 2661 550 2732 iam
584 2683 761 2760 perscncx
795 2683 983 2763 pauperem
1017 2683 1058 2735 sc
1085 2666 1122 2736 et
1157 2659 1317 2736 habitare
1347 2651 1407 2730 sub
1495 2646 1496 2660 '

243 2782 428 2882 &tegulis
454 2763 600 2882 quodam
628 2786 760 2884 scripto
787 2783 924 2860 latetur.
967 2783 1101 2858 librum
1129 2786 1254 2879 etiam,
1282 2782 1339 2858 cui
1358 2779 1409 2854 est
1495 2783 1496 2786 ’

221 2909 226 2914 ’
294 2904 413 2980 titulus
440 2905 731 3004 Pariatogos,
759 2903 885 2997 edidit,
913 2908 1149 2982 continentem
1171 2902 1336 3004 querelas
1366 2895 1408 2970 de
1495 2943 1496 2952 ι

296 3029 445 3116 iniuriis,
487 3050 573 3124 quas
607 3027 834 3130 professores
875 3026 1091 3125 negligentia
1125 3037 1185 3102 ant
1225 3025 1407 3102 ambitione

243 3176 273 3242 4.
295 3154 473 3251 parentum
497 3151 710 3251 acciperent.
750 3151 827 3223 Fuit
846 3157 960 3224 antem
980 3155 1123 3225 naturae
1140 3136 1311 3236 acerbae,
1341 3163 1406 3216 non

296 3267 399 3346 modo
419 3273 451 3343 in
472 3270 732 3373 antisophistas,
750 3295 837 3370 qnos
855 3275 946 3348 omni
965 3274 998 3346 in
1016 3272 1208 3348 occasione
1227 3263 1406 3348 laceravit

297 3387 362 3466 sed
388 3393 490 3465 etiam
508 3396 540 3465 in
561 3391 767 3495 discipulos,
794 3403 831 3468 nt
858 3402 895 3470 et
912 3396 1074 3470 Horatius
1097 3391 1286 3490 significat,
1311 3385 1404 3489 ple·

294 3536 450 3613 gosum
475 3537 552 3588 eum
578 3515 771 3616 appellans,
800 3525 836 3592 et
854 3517 1023 3591 Domitius
1036 3516 1173 3590 Marus
1188 3514 1357 3600 scribens,

277 3727 281 3736 ,
397 3638 426 3708 si
455 3657 543 3732 quos
561 3635 711 3711 Orbilius
738 3635 852 3712 ferula
878 3638 1083 3735 scuticaqne
1111 3633 1251 3712 cecidit.

242 3788 273 3854 5,
294 3759 349 3834 Ac
374 3780 419 3833 ne
434 3758 622 3860 principum
645 3758 781 3856 quidem
803 3760 954 3835 virorum
974 3761 1206 3834 insectatione
1227 3751 1403 3832 abstinuit:

295 3885 324 3954 si
350 3877 486 3979 quidem
520 3880 661 3975 ignotus
697 3877 813 3955 adbuc
838 3903 915 3955 cnm
941 3879 1070 3955 indicio
1103 3878 1277 3979 frequenti
1305 3871 1402 3951 testi·

295 4003 442 4076 monium
454 3999 602 4094 diceret,
630 4002 901 4100 interrogatusa
920 4008 1089 4094 Varrone,
1120 4001 1287 4082 dimersae
1301 3993 1403 4100 pariis

295 4119 483 4216 advocato,
505 4121 702 4223 quidnam
724 4131 885 4222 ageret
907 4130 951 4200 et
974 4147 1058 4221 qno
1079 4119 1289 4198 artificio
1310 4121 1400 4190 nte·

296 4240 451 4322 retur?
492 4244 773 4324 Gibberosos
811 4267 861 4320 se
899 4244 955 4319 de
993 4243 1096 4320 sole
1135 4244 1177 4317 in
1217 4239 1401 4318 umbram
