3038 5032
641 433 884 486 -v1—

275 596 440 682 Singulari
462 605 569 662 autem
592 618 671 664 casu
699 599 847 666 fortunae
868 601 984 667 accidit
1007 611 1039 666 ut
1064 605 1119 689 qui
1147 614 1319 670 contextus

209 725 321 769 eorum
335 699 514 766 libellorum
532 701 828 789 circumferebatur,
852 717 942 769 certo
959 717 990 768 et
1007 703 1098 770 hrmo
1112 705 1319 772 fundamento

210 807 457 888 destitueretur,
482 824 579 890 quum
604 825 709 891 neque
732 805 773 870 de
796 807 918 873 codicis
940 807 1001 875 llis.
1031 809 1128 874 ullius
1158 811 1319 896 scriptura
1352 819 1355 826 '

207 923 358 977 accurate
392 918 555 984 enudaret
576 895 689 993 ⁴neque
720 910 761 973 de
784 911 969 976 conditione
999 932 1110 978 eorum
1135 915 1190 998 qui
1213 915 1320 981 adhuc

208 1013 340 1081 adhibiti
363 1025 483 1090 essent,
508 1011 535 1074 si
560 1031 600 1074 ex
625 1015 808 1079 nominihus
834 1029 1050 1099 numeruntur,
1075 1037 1208 1082 numero
1234 1019 1318 1084 haud

209 1121 320 1204 pauol,
355 1114 435 1178 satis
466 1113 612 1198 liqueret.
663 1115 760 1180 Adde
792 1119 879 1202 quod
915 1121 968 1204 qui
1002 1121 1144 1204 priorum
1179 1133 1319 1187 aetatum

208 1220 386 1285 editoribus
410 1217 450 1282 ad
471 1238 585 1284 manus
608 1218 736 1283 luerunt
754 1221 897 1304 codices,
921 1223 941 1285 ii
963 1225 1165 1305 posteriores
1186 1225 1320 1289 latuisse

209 1326 389 1405 videantur,
412 1332 447 1386 ut
471 1323 563 1406 quasi
587 1323 619 1385 in
644 1322 780 1406 sepultis
804 1324 964 1389 referendi
988 1327 1126 1410 luerint,
1150 1330 1232 1392 etsi
1256 1349 1319 1414 qua

209 1428 358 1495 exstabat
383 1425 492 1490 notitia
516 1444 641 1509 eorum,
665 1446 729 1490 non
753 1447 794 1491 ex
816 1429 896 1512 ipsis
920 1429 1062 1496 lontibus
1087 1431 1237 1516 limpidis,
1260 1434 1320 1498 sed

207 1553 249 1600 ex
273 1531 425 1597 derivatis
454 1529 605 1621 gustandi
638 1532 731 1614 copia
765 1533 805 1596 iis
828 1533 911 1597 hacta
936 1543 1033 1599 esset.
1079 1533 1239 1617 Quocirca
1264 1538 1322 1600 mi·

207 1659 276 1703 rum
299 1654 403 1719 paene
426 1633 457 1696 iu
480 1632 609 1696 modum
630 1632 841 1700 Cusaubonus
864 1637 903 1700 de
921 1637 1053 1720 penuria
1073 1639 1220 1704 codicum
1242 1649 1321 1704 tem·

207 1739 341 1825 poribus
364 1736 432 1801 suis
456 1747 591 1820 questus
614 1747 664 1800 est
693 1737 742 1800 his
769 1739 807 1804 ed
840 1739 979 1805 Gratum.
1010 1742 1099 1807 init:
1133 1743 1234 1825 „lnde
1257 1757 1320 1830 est,

207 1844 296 1932 quod
319 1862 416 1928 quum
440 1839 593 1904 librorum
619 1853 694 1905 octo
718 1841 759 1905 de
787 1841 982 1909 Caesaribus
1013 1848 1133 1930 passim
1164 1849 1195 1910 in
1220 1851 1321 1913 omni·

208 1949 271 2016 bus
293 1944 498 2010 bibliothecis
525 1946 644 2029 scriptu
671 1967 764 2010 rrranu
790 1947 983 2032 exemplario
1015 1953 1235 2036 reperiantur,
1264 1954 1321 2017 ho·

210 2075 279 2118 rum
304 2061 409 2115 tamen
432 2047 612 2113 libellorum
636 2069 675 2113 ne
698 2053 872 2136 vestigium
896 2053 1023 2136 quidem
1048 2055 1145 2119 ullum
1171 2056 1201 2119 in
1226 2055 1321 2121 lib'ra·

209 2157 265 2222 riis
289 2153 341 2217 vel
363 2151 625 2235 locupletissimis
657 2165 799 2237 apparet.
845 2153 915 2218 Nos
945 2156 977 2220 in
1001 2159 1089 2243 regie
1114 2139 1318 2244 [Parislensi

209 2261 262 2328 cui
286 2260 356 2344 ipse
379 2253 531 2342 praefuit]
558 2277 715 2342 nusquam
739 2257 812 2324 illos
837 2257 1038 2326 offendimus.
1083 2260 1187 2327 Unum
1211 2281 1321 2327 exem·

208 2367 279 2452 plar
308 2361 447 2427 Senator
474 2361 692 2443 amplissimus
722 2361 843 2428 Paulus
871 2361 1025 2429 Petevius
1049 2365 1207 2450 exhibuit,
1242 2368 1319 2433 alte·

209 2491 279 2538 rum
303 2468 379 2532 olim
402 2465 511 2531 habuit
525 2461 562 2526 V.
576 2462 637 2529 Cb.
657 2476 688 2529 et
699 2469 999 2550 praestantissimus
1012 2468 1129 2534 Petrus
1143 2469 1298 2536 Pithoeus
1307 2494 1318 2556 3

209 2572 295 2639 unde
324 2583 494 2652 excerptas
524 2564 687 2652 διαφόρους
716 2566 833 2654 γραφὰς
855 2573 994 2657 optimus
1020 2573 1161 2638 virorum
1185 2573 1319 2639 lacobus

207 2674 411 2761 Bongarsius
439 2667 456 2736 ὁ
487 2665 562 2735 πάνυ
592 2671 762 2738 uobiscum
791 2677 1046 2743 communicavit.
1092 2677 1192 2742 Multa
1224 2678 1319 2743 iniis

208 2790 329 2862 notata,
363 2795 446 2861 qnae
476 2794 518 2838 ex
541 2773 611 2840 aliis
634 2773 724 2840 libris
754 2777 957 2861 protulerunt
984 2781 1017 2844 iu
1047 2780 1153 2847 lucem
1175 2779 1319 2847 Achilles

209 2883 333 2950 Statius
363 2890 395 2944 et
418 2875 506 2944 Elius
530 2873 684 2961 Vinctus,
709 2880 769 2942 viri
792 2879 987 2964 doctissimi,
1012 2895 1043 2948 et
1067 2885 1107 2948 de
1130 2886 1179 2950 his
1202 2884 1319 2950 libellis

208 2985 376 3074 praeclare
403 2982 523 3046 meriti:
555 3001 614 3046 nos
647 3002 751 3067 pauca
784 2983 979 3070 attingemus
1010 2986 1072 3054 illis
1107 2988 1258 3054 intacta.“
1287 2988 1318 3071 ⁸)

206 3087 323 3175 Neque
345 3085 576 3168 Oudendorpio
599 3105 704 3170 neque
726 3085 1002 3172 subsequentibus
1032 3090 1209 3155 editoribus
1231 3091 1319 3156 codi-
1367 3145 1372 3156 .

207 3213 279 3259 cem
310 3207 504 3277 quemquam
543 3189 707 3274 antiquum
741 3191 902 3274 inspicere
936 3192 1045 3280 licuit,
1081 3215 1145 3260 unc
1180 3207 1319 3280 excepto

205 3293 341 3378 Wcllio,
366 3295 420 3380 qul
440 3314 504 3379 quo
528 3293 625 3358 modo
648 3291 824 3360 Parislensi
848 3314 911 3360 uno
934 3297 996 3361 sihi
1013 3299 1218 3364 commodate
1239 3319 1319 3364 usus

206 3401 253 3466 sit
278 3399 417 3485 posthac
445 3397 635 3463 videbimus.
681 3397 792 3484 ltaque
823 3399 942 3466 lactum
967 3411 1012 3484 ut,
1047 3401 1121 3465 dum
1146 3404 1177 3466 in
1201 3401 1319 3468 Caesa·

206 3527 277 3574 rum
300 3501 383 3570 Vitis
405 3505 514 3588 potius
538 3503 579 3566 de
608 3501 802 3568 abundantia
826 3505 974 3571 codicum
998 3507 1213 3592 undecunque
1242 3506 1319 3573 alla·
1399 3537 1402 3542 ·

205 3623 311 3677 torum
335 3609 536 3695 querendum
559 3608 680 3691 iuerat,
705 3607 822 3693 quibus
845 3620 1033 3674 contextum
1061 3609 1221 3694 refingere
1242 3610 1319 3675 lice·

205 3725 278 3799 ret,
297 3716 331 3778 in
354 3711 426 3778 istis
449 3711 540 3776 libris
564 3711 714 3778 standum
738 3711 888 3777 fueritin
919 3713 1059 3779 obscura
1082 3713 1255 3780 lectionum
1277 3735 1318 3780 ex

205 3818 328 3906 aliquot
363 3835 426 3882 non
455 3817 535 3881 satis
570 3816 730 3882 distinctis
760 3817 929 3882 codicibus
961 3829 1187 3904 excerptarum
1219 3819 1319 3884 farre·

204 3924 291 4008 gine,
315 3922 421 3987 donec
445 3933 576 4006 reperto
598 3919 726 3985 tandem
757 3921 875 3988 Leidae
898 3922 1111 3990 Perizoniano
1133 3925 1215 3988 libro
1238 3927 1318 3988 scri·

205 4034 318 4109 pturae
341 4027 490 4112 antiquae
514 4025 730 4091 restituendae
750 4026 999 4124 instrumentum
1029 4026 1317 4113 locupletissimum

207 4183 404 4196 ----..-

255 4267 286 4338 θ)
310 4265 378 4322 Cum
397 4266 441 4323 his
462 4269 496 4325 cl.
516 4269 671 4328 Cnsnuboni
693 4267 846 4342 Epistulae,
866 4267 1046 4341 lllugdeburgi
1068 4271 1141 4335 tono,
1162 4287 1189 4341 p.
1208 4271 1249 4325 ut.
