3054 5000
709 381 1078 502 ⁴54-ss-

280 603 316 662 Ρ.
331 603 368 659 ll.
383 618 409 674 p.
424 601 498 677 52):
521 593 625 682 ἱμάντα
635 617 678 678 γε,
691 594 741 662 καὶ
755 595 923 677 πορικοίταν
934 592 1073 680 νάρθηκα
1085 629 1128 644 -
1140 590 1260 679 σύμβολ’
1274 594 1396 682 ἃγωγᾶς

281 700 424 767 παιδείου.
460 705 506 763 Cl.
530 709 600 762 llor.
619 709 709 762 flerm.
728 707 750 779 l,
772 703 801 778 3,
829 701 889 760 119
912 709 940 761 et
966 703 1035 762 120.
1056 703 1130 765 Ven.
1149 705 1175 775 fi
1191 706 1397 780 seuiiebopue,

347 807 426 888 conr]
449 811 483 870 Ρ.
508 809 588 868 llari.
612 815 641 866 et
663 811 696 871 u.
720 823 823 882 paura.
855 807 932 863 illud
954 809 1013 864 PR.
1041 807 1113 866 Ven.
1135 825 1232 882 quom.
1445 894 1449 899 .
1499 889 1500 894 η

346 913 375 974 li.
403 909 547 990 Varrone]
571 915 603 970 P.
623 914 753 972 Verone.
765 911 910 973 Wolllus:
932 911 1121 985 „Macrobius
1136 913 1197 971 Sat.
1211 913 1269 986 ab
1288 915 1350 971 boc
1361 917 1398 974 de

282 1017 373 1075 Galba
394 1017 530 1089 principis
553 1021 643 1090 patre,
666 1015 715 1088 qui
738 1013 841 1088 gibber
863 1019 943 1093 erat,
967 1031 994 1075 v.
1018 1015 1101 1075 Galb.
1126 1030 1152 1074 o.
1170 1014 1198 1071 3.
1225 1017 1322 1084 Quare
1340 1020 1399 1077 ista

281 1121 338 1177 duo
366 1120 478 1177 uomina
496 1119 578 1178 ‚viris
608 1120 702 1176 doctis
729 1118 848 1177 insititio
878 1118 1026 1193 videntum
1057 1119 1234 1192 aberamque
1257 1138 1274 1177 a
1297 1127 1400 1182 vetere

282 1223 348 1280 edit.
377 1239 435 1295 qna
465 1224 578 1282 Statius
608 1227 754 1281 utebatur.
795 1223 973 1293 Quamquam
1003 1222 1150 1294 posterius
1178 1223 1268 1280 deleri
1296 1243 1399 1296 parurn

279 1326 439 1399 placeret.“
462 1328 629 1385 Berusius:
660 1327 856 1405 „Varronem
869 1327 1044 1402 Murenam,
1069 1325 1104 1382 de
1128 1343 1185 1398 quo
1205 1346 1233 1388 r.
1248 1331 1330 1402 Aug.
1358 1332 1400 1390 19

282 1433 311 1487 et
333 1429 386 1494 56.
409 1431 505 1491 'liber
529 1430 565 1504 8,
589 1447 645 1488 uon
668 1445 768 1487 errore
796 1429 975 1486 librariorum
999 1429 1052 1485 vel.
1068 1429 1234 1504 scriptoris,
1258 1433 1310 1488 sed
1333 1433 1401 1490 dis-

282 1551 371 1593 sensu
399 1536 447 1592 lrlo
470 1535 626 1614 nominari,
655 1534 797 1591 existimo.
832 1534 914 1602 Quod
945 1534 1048 1591 desunt
1073 1535 1101 1590 in
1132 1536 1249 1606 antiquo
1272 1537 1401 1594 editione

286 1639 422 1697 Varrone
444 1645 473 1695 et
496 1645 597 1710 postea
619 1641 762 1715 litoreae,
786 1637 815 1693 id
838 1637 1034 1694 emendatione
1057 1638 1118 1694 lieri
1142 1640 1241 1710 potuit.
1279 1643 1401 1697 Neces-

281 1740 359 1798 sario
389 1743 461 1798 euim
484 1743 590 1798 addere
620 1741 718 1798 debuit
740 1741 867 1812 scriptor
897 1757 998 1798 nomen
1027 1741 1177 1817 advocati,
1209 1744 1284 1814 qnod
1309 1761 1400 1816 qurum

282 1843 426 1900 diversum
456 1845 485 1900 io
515 1845 572 1901 alio
602 1845 746 1916 scriptore
774 1845 932 1916 reperisset
962 1846 1006 1902 vir
1037 1847 1149 1917 quidam
1181 1848 1331 1926 eruditos,
1367 1855 1400 1906 ut

280 1950 380 2001 nostro
402 1945 435 2002 nt
457 1953 593 2020 tempore,
616 1947 713 2003 delere
735 1947 845 2022 maluit,
868 1965 954 2020 quam
976 1949 1117 2006 mutare“
1158 1953 1195 2009 V.
1220 1951 1354 2010 Oudend.

347 2046 418 2123 quo]
449 2051 514 2106 Par.
539 2050 618 2108 llorl.
642 2055 676 2130 et
694 2051 782 2110 Voss.
805 2067 947 2124 ortonam.

349 2151 378 2214 6.
400 2151 526 2228 Oblivio]
552 2137 741 2211 Weicberlns
764 2156 845 2215 l'oet.
869 2157 933 2216 Lat.
958 2173 985 2226 p.
1011 2155 1091 2213 357:
1115 2157 1317 2233 „Vocabulum
1342 2161 1401 2218 ob·

281 2259 350 2314 livio
363 2257 544 2314 scribendum
562 2262 624 2315 erat
635 2258 717 2315 litera
734 2258 834 2316 initiali
854 2259 1024 2336 maiuscula,
1048 2262 1277 2334 quandoquidem
1298 2265 1402 2321 eodem

284 2376 374 2417 seusu
406 2362 498 2434 ac'oipi
528 2363 622 2437 deber,
649 2379 719 2434 uuo,
750 2367 825 2419 teste
854 2364 994 2421 Suetonio
1025 2366 1061 2420 de
1084 2365 1124 2424 ill.
1153 2369 1200 2439 g'r.
1225 2383 1250 2426 c.
1274 2369 1326 2426 20.
1364 2369 1400 2428 C.

282 2463 374 2522 lulius
399 2467 534 2537 Hyginus
557 2466 653 2522 dictus
676 2471 722 2523 est
736 2469 885 2530 Historia:
918 2469 955 2523 ad
978 2486 1005 2540 q.
1028 2470 1047 2525 l.
1071 2472 1108 2530 cl.
1134 2473 1279 2544 burmann
1302 2475 1335 2532 Ρ.
1360 2473 1403 2534 11.

283 2586 312 2641 p.
336 2567 409 2626 383.
446 2569 600 2626 Caeterum
624 2572 655 2654 io·
675 2570 732 2627 lroo
756 2589 844 2629 versu
867 2574 973 2637 acerba
1001 2575 1076 2632 inest
1105 2576 1205 2632 senilis
1228 2577 1402 2642 infirmitatis

284 2671 484 2747 exprobratio,
519 2688 593 2743 quae
622 2673 657 2730 de
693 2676 821 2732 mordaci
851 2677 983 2734 Bibaculi
1019 2679 1112 2737 animo
1142 2681 1320 2736 luculentum
1351 2683 1403 2738 dat

282 2775 506 2835 testimoninm.“
534 2777 672 2836 Eiusdem
696 2779 829 2836 Bibaculi
852 2782 929 2838 aliud
952 2782 1088 2840 iudicium
1112 2787 1230 2842 affertur
1252 2801 1278 2842 c.
1305 2786 1355 2845 11.

350 2882 378 2939 t.
401 2879 573 2961 marmorea]
589 2885 664 2944 ‚Pan
688 2887 717 2941 et
740 2884 820 2946 Harl.
854 2900 919 2942 cum
948 2887 1023 2942 Ven.
1046 2903 1224 2945 orormoreo.
1260 2893 1290 2946 Ρ.
1313 2905 1402 2948 uror..

282 2977 397 3047 moreb'.

347 3087 448 3164 lilium]
475 3089 562 3147 Voss.
586 3096 624 3147 et,
645 3095 709 3149 l’ar.
733 3089 816 3166 Bet.
853 3097 927 3151 Ven.
952 3097 1134 3169 coemptum.
1170 3095 1244 3151 lllud
1275 3098 1402 3155 nominis

286 3194 485 3268 compendium
513 3194 654 3252 editorum
684 3197 810 3268 priorum
841 3199 888 3270 qui
920 3199 1099 3273 explicuerit,
1123 3199 1170 3256 vel
1207 3199 1401 3273 posteriorum

285 3298 334 3368 qui
356 3298 402 3354 vel
425 3299 580 3357 attenderit
602 3295 669 3357 novi
691 3302 839 3377 neminem,
870 3319 1041 3376 quamquam
1065 3303 1151 3359 nolle
1178 3308 1297 3375 apparel
1319 3303 1402 3360 nihili

285 3414 341 3471 uon
365 3417 441 3462 esse.
477 3405 566 3460 Immo
595 3421 682 3475 quum
705 3405 774 3463 nibil
791 3379 948 3479 proclivius
966 3413 1061 3480 esset,
1085 3423 1169 3477 quarn
1187 3423 1287 3463 vocem
1302 3406 1402 3476 filium

283 3503 332 3570 bic
354 3503 478 3575 positum
507 3512 688 3583 exspectare,
718 3513 825 3567 tactum
848 3515 935 3583 puto,
966 3511 1068 3582 utqui
1092 3509 1202 3566 codicis
1225 3507 1401 3581 scripturam

283 3625 340 3669 non
362 3607 572 3682 intelligerent,
595 3609 615 3665 ii
634 3609 731 3679 filiurn
754 3613 817 3668 eius
839 3613 866 3668 iu
880 3607 975 3669 loonio
991 3614 1217 3670 substituerent:
1241 3613 1318 3685 quod
1334 3614 1401 3670 inde

281 3714 311 3772 in
339 3712 456 3778 codices
486 3714 519 3770 P.
551 3715 580 3768 et
610 3715 690 3776 Harl.
715 3715 848 3790 irrepsit,
887 3696 1007 3787 quo‘rum
1040 3717 1088 3772 hic
1118 3721 1206 3774 ellum
1233 3717 1400 3790 praemittit.

175 3869 176 3872 ,
281 3818 355 3878 Mihi
385 3833 454 3874 vero
476 3832 597 3889 prorsus
620 3817 699 3874 aliud
722 3818 854 3892 quiddam
877 3836 912 3876 ea
936 3819 1081 3891 scriptura
1111 3821 1251 3877 contineri
1274 3820 1399 3896 videtur,

281 3922 395 3982 scilicet
417 3937 589 3997 cognomen,
610 3938 667 3994 quo
690 3937 707 3978 a
729 3928 812 3996 patre
834 3923 910 3981 illiur
925 3924 1052 3981 Orbilius
1071 3924 1295 3998 discerneretur,
1318 3925 1398 3996 quod

280 4029 310 4080 et
341 4025 368 4083 iu
399 4043 507 4086 caussa
536 4025 629 4085 irrisae
663 4026 793 4102 videtur,
833 4027 910 4100 quod
942 4043 1106 4101 cognomen
1136 4032 1252 4099 praeter
1290 4043 1397 4083 morem

282 4127 387 4184 nomini
410 4129 606 4205 praepositum
636 4134 725 4190 esset.
764 4132 812 4188 Ac
841 4131 909 4186 nibil
932 4129 1028 4202 magis
1056 4129 1083 4185 io
1106 4146 1165 4187 rem
1189 4135 1234 4188 est
1257 4145 1342 4203 quam
1366 4137 1398 4188 ut

281 4229 399 4303 Rufiror
430 4249 613 4306 reponamus.
658 4234 740 4304 Quod
771 4234 797 4291 si
827 4235 881 4292 iarn
910 4233 980 4290 nibil
1011 4233 1142 4291 crebrius
1172 4234 1285 4292 dicatur
1311 4249 1396 4305 quam

606 4519 628 4558 Ι
