3054 5000
565 291 822 374 2-93'-

116 485 168 542 tani
189 489 273 545 Mon.
300 486 427 544 antichi
444 486 522 548 inest.
544 487 638 545 1787.
662 504 691 559 p.
710 487 759 548 23.
783 487 830 552 ct,
851 485 1008 544 Svertlsioe
1031 486 1143 543 Vindio.
1161 488 1254 551 llentl.

32 612 33 678 J
114 609 136 663 p.
158 590 208 650 51.

32 679 33 690 θ
170 698 332 774 pretioso]
359 702 427 757 PR.
448 702 595 778 precioso,
618 704 651 756 nt
675 699 754 758 llorl.
778 701 807 755 et
830 700 905 758 ven.

170 801 332 874 recogniti
361 799 449 880 sunt]
477 801 576 874 Vulgo
597 817 647 858 rea
672 799 794 872 oopnita
824 805 879 858 eat.
904 803 934 860 Ρ,
957 805 985 857 et
1010 801 1042 857 B.
1065 813 1117 856 rea
1140 802 1254 872 eopaitt

112 910 190 983 ruat,
216 907 274 962 sed
301 907 363 964 ille
390 925 405 964 s
428 907 541 982 deleto,
563 907 640 964 uode
663 905 802 963 'l'rossius
825 905 926 981 eatan,
947 906 1025 978 quod
1048 905 1183 977 sirenem,
1206 905 1256 962 in-

111 1026 196 1082 super
219 1013 390 1068 llrmatnm
417 1009 591 1069 auctoritate
614 1010 695 1070 Harl.
719 1015 748 1067 et
770 1011 835 1068 Par.
865 1013 1010 1084 reoeplam
1033 1009 1184 1068 leotionem
1208 1009 1256 1066 ln·

112 1113 227 1186 tegrarn'
256 1114 497 1187 praestantiam.

171 1217 284 1294 hierlt]
311 1221 355 1276 B.
382 1225 411 1276 et
434 1222 509 1278 Veu.
530 1218 643 1289 merul.

170 1323 374 1400 libertatern]
397 1326 443 1381 Ita
465 1322 619 1397 legendum
643 1321 827 1379 eonsentluot
850 1321 915 1379 Viri
936 1322 1013 1379 dotti
1035 1321 1165 1396 [Murato
1188 1325 1204 1382 l.
1229 1341 1255 1388 o.

112 1428 138 1480 et
168 1427 290 1484 Vineto
328 1433 425 1486 saeem
458 1424 712 1500 praeferentibus}
744 1426 827 1482 Alte
858 1425 1013 1482 Merillium
1045 1424 1113 1486 nus.
1145 1427 1174 1500 6,
1204 1427 1255 1488 20.

112 1529 201 1590 ERN.
243 1534 360 1589 Antea
382 1533 531 1610 ltnertnte,
554 1537 586 1589 ut
614 1530 699 1588 etiarn
722 1532 787 1589 l’ar.
811 1530 939 1590 WOLF.
970 1530 1042 1587 Item
1065 1535 1093 1586 et
1116 1531 1147 1592 Ρ,
1171 1533 1204 1590 B.
1227 1538 1256 1592 et

19 1701 20 1718 ¹
115 1631 214 1707 llari,
240 1636 406 1692 constanti
429 1651 536 1696 errore.

179 1737 234 1796 16.
263 1738 486 1812 appellationes
512 1741 626 1797 (ἔνευσε
654 1735 817 1813 synthesis]
850 1737 1092 1811 Ouileutlorplusz
1124 1740 1256 1818 „adpel-

19 1879 20 1884 .
100 1832 232 1900 'latione
270 1847 396 1902 Graeca
431 1836 594 1920 συνθέσεις]
630 1843 680 1899 Sia
713 1841 788 1899 elidi
816 1842 917 1914 partim
951 1845 986 1902 A.
1011 1843 1121 1901 schotti
1145 1847 1177 1908 li.
1202 1846 1254 1906 1v.

117 1944 186 2002 nus.
214 1951 317 2010 llum,
350 1963 375 2007 e.
401 1949 419 2004 ‘l
452 1947 675 2006 emendationem
701 1963 756 2020 pro
775 1949 991 2020 adpellatioaea
1023 1948 1148 2028 Graeci,
1180 1948 1256 2021 quod

117 2044 251 2122 ineptum
279 2055 340 2126 est,
363 2053 514 2126 amplexus
538 2069 601 2109 eunt
624 2052 747 2129 Pitisoo,
771 2050 872 2124 partim
896 2055 1016 2106 seculus
1039 2051 1121 2106 fidem
1140 2053 1256 2107 Mssto-

119 2165 198 2226 rnm3
224 2155 304 2212 alum
329 2157 522 2214 casaubonus
545 2163 659 2229 quoque
683 2155 717 2212 atl
741 2152 1049 2226 malignantium
1073 2151 1100 2208 in
1127 2133 1175 2212 12.
1200 2152 1256 2208 atl-
1374 2191 1381 2212 t

122 2257 217 2314 texuit
242 2277 296 2340 γρ,
323 2251 489 2330 συνθέσειςι
519 2260 590 2317 lieet
615 2263 713 2319 forsan
737 2257 835 2314 verius
859 2261 935 2315 foret
957 2248 1072 2326 θέσειςι
1104 2261 1256 2330 utsupra.

124 2358 181 2415 nni
214 2363 415 2438 Gronoviom
439 2364 531 2437 vulgo
554 2355 731 2433 συντάξεις.“
769 2361 844 2419 lluio
867 2353 1110 2433 obtemperarunt
1128 2361 1257 2418 Wollius

125 2467 154 2518 et
175 2467 350 2544 Berosus,
373 2469 568 2542 appellatione
591 2469 711 2527 Graeca
733 2457 885 2535 συνθέσεις
911 2465 1038 2524 edentes.
1073 2464 1257 2540 Appellatio-

127 2581 182 2624 nea
206 2585 269 2629 nos
294 2587 330 2627 ex
353 2575 384 2628 P.
410 2572 489 2632 Harl.
518 2575 547 2628 et
571 2573 634 2626 l'ar.
659 2545 872 2646 revecuriam,
901 2568 1070 2643 praesertim
1095 2587 1180 2644 quom
1204 2586 1257 2628 eoa

129 2670 192 2730 sine
217 2676 338 2732 adiecto
361 2673 543 2732 substantivo
565 2678 645 2730 reete
668 2678 747 2732 stare
769 2680 904 2750 nequent,
927 2680 956 2733 et
978 2675 1060 2748 ipsae
1082 2677 1257 2750 appellatio-

131 2788 187 2830 nea
211 2775 306 2848 poulo
329 2760 403 2834 ‘ante
432 2759 683 2834 commemorataev
702 2777 777 2850 sitt3
808 2779 936 2851 speolale
965 2778 1055 2852 igitur
1082 2779 1257 2852 appellatio-

132 2892 210 2938 num
236 2898 352 2959 nornen,
375 2881 459 2942 euius
482 2884 547 2940 loeo
570 2885 793 2942 controversiae
814 2881 937 2956 posthae
966 2861 1066 2939 diotae
1083 2887 1160 2944 suot.
1195 2885 1258 2950 lloo

134 2985 234 3052 posito
259 2975 339 3058 patet
359 2987 444 3043 unloe
473 3003 572 3044 verum
604 3002 672 3043 esse
703 2987 839 3066 Graece,
877 2985 1006 3059 qrtodl'.
1038 2987 1165 3060 praebet.
1212 2987 1257 3044 nl

23 3127 24 3143 ι
136 3090 262 3148 eandem
286 3090 435 3147 leotiouem
460 3090 544 3148 etlam
568 3090 646 3150 duell
671 3092 736 3148 Por.
761 3095 789 3147 et
814 3091 892 3150 llarl.
924 3091 1041 3172 Graeci.
1073 3093 1117 3147 lle
1147 3089 1259 3149 nomine

140 3187 258 3248 Graeco
282 3191 367 3263 plane
389 3193 530 3265 haerens,
554 3210 640 3266 qurum
662 3192 736 3252 hautl
761 3193 856 3266 inagis
886 3193 952 3250 mihi
975 3191 1131 3268 comigern
1154 3190 1260 3248 lectio-

140 3306 205 3350 nem
241 3287 393 3365 συνθέσεις
423 3312 507 3367 ouam
538 3289 685 3365 συντάξεις
715 3301 795 3353 certa
827 3297 1077 3368 argumentatione
1114 3294 1260 3372 adserere,

141 3399 386 3471 acquiescendum
418 3399 528 3455 interim
556 3399 655 3471 putavi
686 3399 713 3455 ἰιι
745 3397 888 3470 scriptura
913 3398 993 3458 Harl.
1018 3405 1047 3458 et
1073 3400 1106 3462 P.
1135 3403 1260 3478 apathe-

141 3502 185 3557 εἰσ
218 3503 423 3574 praebentium.
446 3505 507 3566 PR.
530 3491 690 3582 apothiirta,
722 3503 798 3560 unde
821 3503 960 3562 'l'rossins
989 3495 1136 3575 συντάξεις
1163 3504 1259 3565 eatan.

145 3605 222 3665 Ven.
253 3609 390 3665 slthanta.
420 3603 477 3665 ‘nt
503 3610 536 3670 B.
560 3614 639 3666 oerte
669 3587 830 3688 συνθέσεις,
853 3613 966 3668 retenta
996 3610 1121 3667 lectione
1153 3610 1259 3682 appet-

144 3711 255 3769 lah'oae
278 3713 408 3770 Graeca.
453 3713 497 3768 De
528 3715 672 3784 scriptura
703 3715 852 3790 synthesis
880 3714 985 3770 litteris
1011 3713 1123 3770 Latinis
1153 3711 1260 3770 dietum
1304 3743 1310 3762 ·

146 3815 233 3884 paulo
255 3831 344 3886 supra
367 3816 403 3871 ad
437 3817 535 3875 thesis.
576 3816 707 3874 Omnium
736 3835 807 3874 vero
831 3817 1009 3890 aptissimum
1032 3821 1108 3874 soret
1134 3816 1162 3872 id
1180 3804 1262 3889 'quod

146 3917 283 3975 Ernestio
301 3918 418 3996 plaeuit,
442 3922 475 3976 ut
490 3911 589 3988 θέσεις
610 3917 690 3992 (sive
707 3919 810 3999 tiresia)
833 3923 1019 3982 sorilrerelnr.
1053 3925 1166 3979 Senem
1180 3923 1263 3980 Con-

148 4023 315 4090 trovurslar.
348 4027 438 4096 praet.
458 4024 655 4086 Declamabat
674 4032 773 4082 autem
805 4021 919 4104 (hemo,
951 4041 1014 4084 non
1044 4026 1154 4100 quales
1178 4045 1264 4088 nttne

148 4133 369 4188 controversias
392 4133 520 4190 atteiam
541 4132 694 4189 mentales
716 4135 836 4208 quiana
864 4133 973 4208 petates
999 4141 1069 4192 ante
1091 4134 1263 4195 noemam
