3038 5032
554 369 821 418 *llll-

134 559 267 624 gramm
289 549 324 601 et
344 536 427 600 rbet.
447 546 553 619 esset,
576 547 609 600 et
631 555 716 620 qnae
738 539 778 602 ad
804 552 947 606 nostram
969 553 1108 610 aetatem
1123 544 1247 630 perlata

134 651 196 725 est,
210 640 294 704 alter
309 641 454 722 alteram,
472 659 557 723 quae
568 639 609 702 de
628 643 812 708 oratoribus
827 655 860 708 ct
875 647 981 728 poetis
996 656 1097 727 esset,
1119 657 1151 710 et
1163 667 1248 732 quae

133 745 275 810 nefando
304 745 449 808 facinore
470 742 619 808 Sicconis
641 763 819 828 suppressa
843 761 911 831 est,
934 750 1124 834 complexus
1147 763 1246 817 esset.

199 848 293 912 Patet
325 848 385 911 ianr
408 869 507 912 unum
537 847 613 910 olim
635 850 803 914 exstitisse
829 863 972 918 veterem
996 855 1161 937 codicem,
1191 857 1247 940 qui

132 951 263 1016 libellos
283 952 326 1015 de
348 951 567 1036 grammaticis
589 961 622 1013 et
644 951 827 1018 rhetoribus
846 975 889 1018 ex
905 957 1075 1040 opereillo
1091 958 1248 1042 ampliore

133 1067 308 1139 excerptos
331 1075 489 1119 una-cum
511 1053 615 1118 'l'aciti
639 1054 809 1120 Germania
833 1070 865 1122 et
890 1055 1025 1146 Dialogo
1048 1059 1090 1126 de
1112 1063 1248 1127 oratori·

133 1162 195 1226 bus
218 1163 414 1227 contineret:
437 1181 480 1224 ex
502 1179 567 1245 quo
590 1181 689 1246 quum
700 1181 800 1246 porro
819 1175 948 1229 constet
961 1165 1159 1250 descriptum
1172 1187 1249 1234 esse

132 1287 207 1330 eum
231 1285 328 1350 quem
356 1265 477 1330 Leidae
498 1276 648 1345 servant,
678 1266 765 1332 bano
786 1265 915 1336 tandem
944 1268 1070 1334 'l'rossii
1094 1289 1193 1355 opera
1214 1273 1248 1337 ia

130 1392 336 1436 communem
365 1373 507 1436 omnium
536 1391 630 1436 usum
652 1371 852 1455 divulgatum
875 1391 966 1454 esse,
1002 1373 1119 1437 editori
1149 1393 1248 1458 quum

131 1474 213 1539 alias
236 1475 279 1538 ob
302 1493 449 1557 caussas,
473 1485 542 1537 tum
564 1474 639 1539 ideo
660 1476 784 1560 gratiae
805 1476 952 1560 agendae
980 1485 1057 1540 snat
1078 1478 1247 1558 maximae,

134 1578 226 1663 quod
258 1597 344 1642 nunc
373 1579 503 1642 demum
535 1577 576 1641 de
605 1588 788 1642 ceterorum
819 1579 1040 1644 subsidiorum
1063 1581 1248 1645 criticorum

133 1703 231 1748 manu
264 1683 459 1766 scriptorum
492 1681 601 1746 indole
623 1684 805 1748 accuratius
828 1686 926 1748 statui
948 1683 1033 1749 licet.
1075 1683 1185 1769 Atque
1214 1693 1249 1749 ut

134 1808 357 1872 praecorum,
381 1786 468 1871 qnod
489 1786 616 1872 singula
637 1787 732 1860 buius
752 1789 987 1874 disquisitionis
1009 1802 1169 1854 momenta
1194 1809 1250 1854 etr·

136 1891 311 1976 pendendo
333 1891 603 1974 comprobaturus
625 1910 708 1974 sum,
727 1903 818 1956 certo
845 1895 967 1955 certius
997 1911 1084 1957 nuno
1101 1893 1248 1974 babetur,

129 2005 290 2081 quotquot
320 1995 427 2060 adbuc
454 1995 496 2058 ad
528 1993 691 2060 bominum
725 1996 913 2058 memoriam
942 2005 1099 2060 venerunt
1121 1993 1248 2060 illorum

130 2098 313 2187 libellorum
325 2096 468 2181 codices,
491 2117 695 2184 quorumque
711 2117 796 2162 nunc
818 2098 947 2164 demum
961 2098 1083 2182 aliquot
1097 2107 1249 2164 accurate

130 2221 331 2286 pernoscere
348 2203 426 2267 mibi
444 2203 590 2286 contigit,
602 2221 661 2266 eor
677 2219 791 2265 omnes
806 2219 846 2264 ex
865 2201 1145 2284 ancillamque
1161 2199 1249 2294 lferl·

130 2307 290 2371 conianus
314 2305 497 2390 descriptus
521 2316 588 2389 est,
619 2324 847 2388 promanasse:
885 2305 978 2370 cuius
1001 2305 1047 2368 rei
1070 2304 1247 2369 certissima

129 2409 281 2493 probatio
297 2410 329 2472 in
349 2429 389 2472 eo
406 2410 557 2491 cernitur,
578 2408 666 2492 qnod
680 2407 787 2474 nullus
807 2407 912 2472 adbuc
925 2418 1075 2494 repertus
1093 2418 1143 2472 est
1155 2407 1249 2490 liber,

131 2513 185 2596 qui
216 2532 284 2577 uon
321 2514 442 2596 pariter
476 2522 573 2597 atque
606 2505 838 2576 Perizonianus
869 2509 967 2575 libelli
998 2509 1176 2596 imperfecti
1206 2509 1247 2574 de

131 2615 210 2681 rhet.
237 2617 364 2681 desinat
386 2619 419 2681 in
441 2617 551 2681 verbis
573 2615 727 2681 abstinuit
746 2613 832 2697 cido,
856 2613 974 2700 quibua
997 2617 1028 2679 in
1052 2618 1196 2702 margine
1216 2615 1247 2678 in

129 2719 237 2786 Periz.
261 2721 343 2786 baec
366 2733 440 2787 uota
464 2722 590 2786 adiecta
614 2731 681 2786 est:
718 2720 891 2804 „Amplius
914 2740 978 2784 non
1009 2732 1171 2804 repertum
1198 2731 1248 2784 est

131 2823 248 2891 adbuc.
272 2825 389 2890 desunt
411 2825 557 2890 rbetores
580 2824 661 2908 Xl‚“
684 2823 955 2910 quemadmodum
973 2824 1005 2886 in
1018 2822 1159 2888 editione
1174 2821 1248 2887 Flo·

133 2927 257 2992 reatina
291 2950 318 2994 a.
355 2930 458 3012 1478,
492 2927 641 2994 Fabricio
673 2925 753 2993 Bibl.
787 2927 855 3000 Lat.
884 2925 921 2990 Τ.
946 2925 981 2990 ΙΙ.
1013 2950 1044 3012 p.
1066 2927 1131 2993 463
1153 2937 1247 3009 teste,

132 3033 242 3096 verbis
265 3031 329 3096 illis
352 3033 539 3098 subiicitur:
563 3031 674 3116 „Nihil
698 3030 835 3115 amplius
859 3029 1054 3116 reperitur.“
1090 3029 1138 3096 De
1162 3042 1249 3096 oete·

134 3157 244 3203 rorum
267 3137 422 3203 librorum
445 3136 741 3222 subscriptionibus
764 3135 825 3201 sub
849 3136 943 3201 linem
972 3137 1129 3221 cuiusque
1151 3135 1248 3200 libelli

134 3243 255 3309 dictum
286 3252 345 3308 est.
399 3243 489 3310 Haec
518 3263 597 3308 vero
628 3243 732 3308 omnia
764 3253 797 3306 ut
821 3243 853 3306 in
875 3241 961 3307 clara
992 3243 1065 3307 luce
1087 3256 1249 3327 ponantur

135 3367 272 3412 necesse
304 3358 354 3412 est
376 3347 523 3412 codicum
555 3365 822 3432 quorumcunque
852 3346 981 3410 notitias
1010 3347 1247 3413 examinemus:

135 3471 231 3534 quem
265 3449 410 3516 laborem
446 3453 489 3515 ita
521 3451 696 3536 prolligare
724 3449 938 3543 instituimus,
973 3460 1006 3513 ut
1036 3451 1173 3536 primum
1208 3449 1249 3515 de

61 3567 63 3574 '
135 3554 173 3618 iis
196 3554 300 3638 copiis
325 3555 456 3638 criticis,
480 3555 598 3640 quibus
615 3553 803 3638 superiores
827 3552 969 3618 editores
994 3574 1073 3619 usos
1092 3556 1248 3638 noverim,

136 3665 203 3720 tum
228 3657 269 3722 de
293 3659 333 3721 iis
357 3658 524 3723 codicibus
547 3658 690 3741 dicatur,
722 3677 805 3742 quos
829 3655 946 3722 alicubi
970 3667 1125 3722 terrarum
1149 3657 1249 3720 latere

136 3762 349 3845 compererim
374 3760 482 3827 adbuc
504 3781 568 3825 nou
592 3773 785 3845 usurpatos,
816 3769 981 3846 postremo
1010 3761 1051 3826 de
1072 3761 1130 3844 iis,
1164 3779 1248 3844 quos

136 3863 208 3947 ipse
228 3847 352 3951 primus
375 3863 587 3932 adhibuerim.

201 4086 412 4172 Superiorum
429 4099 570 4156 actatum
589 4089 664 4171 lata,
688 4089 882 4174 quibuscum
897 4099 1033 4174 uterque
1049 4088 1198 4156 Suetttnii
1215 4091 1250 4157 li·

139 4187 243 4293 bellus
260 4192 464 4259 conflictatus
479 4205 540 4278 est,
555 4195 831 4280 retrospicientem
843 4193 930 4259 subit
941 4189 1048 4258 mirari
1061 4195 1117 4279 qui
1130 4195 1249 4262 iactam

1022 4381 1036 4431 b
