3054 5000
581 389 834 466 ...53-

211 585 243 649 8.
267 584 609 661 Periatogos]1taenm
633 583 738 643 ueteris
759 583 842 644 libris
865 582 994 642 omnibus
1016 585 1101 644 etiarn
1128 587 1207 664 PR„
1230 593 1263 646 ut

144 690 251 764 vulgo,
275 706 449 762 quamquem
478 689 616 748 'frossius
643 691 818 762 perialoyua
841 688 946 748 edidit..
967 689 1137 748 BCrusius:
1177 693 1263 766 „Non

143 811 244 850 reram
261 795 376 866 quidem
390 801 460 866 puto
477 797 553 854 nano
566 793 719 852 tentionem
735 794 882 868 librorum,
901 790 1043 851 veriorem
1057 796 1152 852 tamen
1168 795 1262 853 omui-

144 898 200 955 bus
227 899 423 968 nonjeotnris:
453 891 618 976 αἰτιαλόγος
645 896 761 972 [statii]
790 889 858 976 περὶ
885 887 1013 976 trunio,
1032 890 1263 977 περιαυτολόγος

144 985 311 1076 [iiruestii]
326 997 517 1081 παιδαγωγὸς
533 999 764 1078 [Oudendorpii]
787 1001 924 1058 Ceterum
947 997 1104 1098 [uertunt]
1123 1001 1191 1059 mitri
1206 1007 1263 1080 est,
1370 1045 1379 1054 .

142 1121 248 1162 roeem
272 1107 406 1162 Latinam
429 1111 594 1180 corruptam
618 1121 686 1162 esse
709 1121 747 1162 ex
768 1096 837 1184 περὶ
859 1094 979 1180 ἀλόγων
1001 1121 1030 1163 ν.
1045 1097 1121 1186 ἡπερὶ
1141 1097 1263 1185 ἀλογίας

143 1209 232 1284 [haee
256 1213 304 1264 est
321 1209 486 1268 Gasauboui
509 1208 706 1286 oonieetnra];
729 1225 794 1266 nam
817 1222 919 1266 voeem
938 1199 1116 1289 περιάλογος
1137 1213 1263 1270 formare

141 1329 201 1370 non
224 1312 331 1369 audeo.
368 1314 543 1386 Suspicatus
566 1313 753 1370 etiamnum:
776 1304 1076 1392 περὶαύτοῦλόγος.
1118 1314 1264 1386 Bipoutini

141 1417 291 1473 dederunt
306 1410 507 1496 περιαλγήςίιι
530 1432 605 1488 qnae
628 1417 728 1474 verba-
740 1431 797 1472 non
813 1414 958 1472 nominato
972 1420 1092 1472 anotore
1116 1433 1171 1474 sna
1192 1418 1263 1478 reoit

142 1502 282 1580 Gnosius.
316 1523 356 1576 Et
379 1521 434 1579 troo
457 1520 570 1594 quidem
594 1515 755 1601 περιαλγὴς
775 1518 881 1590 'l'oupii
903 1518 939 1574 de
960 1517 1127 1576 eonieotnra
1146 1522 1209 1578 lim.
1233 1520 1263 1577 in

140 1624 225 1680 Suid.
258 1625 293 1682 Ψ.
316 1622 372 1682 111.
393 1641 421 1696 p.
448 1624 508 1682 134
531 1622 583 1697 (Τ.
605 1623 643 1684 11.
667 1639 696 1696 p.
726 1621 823 1696 266),
852 1621 965 1680 titulum
992 1621 1070 1678 illum
1092 1622 1191 1682 fletum
1214 1623 1263 1681 in-

141 1727 271 1800 geniose
296 1730 326 1783 et
347 1743 434 1803 vere,
468 1727 578 1802 opinor,
610 1726 787 1786 eoniioientis
810 1726 846 1783 ad
869 1725 999 1785 Platonis
1022 1726 1124 1784 oomioi
1146 1742 1263 1804 eogno-

141 1833 250 1889 minem
273 1830 415 1906 rabulam]
435 1847 510 1904 quoe
532 1832 668 1904 querelas
691 1831 727 1888 de
749 1830 870 1906 iniuriis,
893 1845 967 1902 quas
988 1830 1184 1890 Athenienses
1207 1850 1263 1891 ne-

140 1934 294 2009 gligentia
324 1939 353 1990 et
374 1934 526 1992 ambitione
556 1936 694 1992 matorum
723 1935 828 1992 oiviurn
857 1931 1058 2010 enecuissent,
1085 1936 1263 1998 oontinuisse

140 2043 274 2110 putatur.
327 2037 364 2097 V.
394 2037 531 2095 Meineke
560 2040 681 2106 Quaest.
709 2053 789 2096 soen.
820 2039 907 2110 Speo.
946 2035 986 2093 11.
1016 2051 1044 2108 p.
1069 2037 1121 2098 22.
1164 2039 1262 2110 Atque

140 2141 251 2213 'l'onpii
276 2137 464 2200 oonieotnrae
486 2143 647 2199 anelamaut
669 2141 797 2199 editores
826 2144 862 2199 Η.
884 2139 987 2212 steph.
1011 2139 1085 2200 thes.
1110 2140 1262 2198 Parisien·

141 2262 192 2302 ses
225 2263 266 2328 ιη,
284 2240 452 2325 περιαλγής.
493 2248 539 2303 De
561 2245 666 2302 ueteris
693 2245 757 2304 VV.
788 2245 853 2304 Di).
875 2243 1043 2300 oommentis
1065 2243 1112 2301 udi
1133 2245 1262 2304 Turnebi

141 2349 219 2410 nav.
246 2349 330 2424 ιιιιι,
358 2348 407 2407 11.
708 2359 711 2364 ·

208 2469 394 2542 negligentia
415 2475 466 2527 ant
493 2468 659 2544 ambitione]
691 2467 762 2526 Sine
783 2484 874 2526 sensu
896 2467 989 2541 vulgo
1010 2469 1195 2542 ueyliyeuter
1223 2472 1261 2528 ab

27 2555 29 2564 ¹
141 2574 315 2651 ambitione,
335 2573 412 2645 quod
430 2573 585 2632 Turnebus
601 2577 714 2630 mustra
732 2571 974 2644 interpretabatur
989 2573 1026 2630 de
1043 2571 1164 2650 iniuriis,
1187 2589 1260 2646 quas

141 2676 333 2750 negligerent
355 2683 502 2749 aoeeptas.
547 2678 639 2734 Paulo
667 2677 771 2734 melius
801 2678 866 2736 Par.
892 2676 982 2746 Voss.
1004 2683 1034 2734 et
1056 2677 1137 2736 ilorl.
1159 2679 1260 2750 neoti·

139 2787 248 2851 uenter
270 2797 309 2838 ae
330 2781 498 2840 ambitione.
528 2780 659 2840 Woltus
681 2797 719 2838 ex
740 2781 842 2856 eodm,
864 2785 898 2840 nt
923 2781 979 2856 ait,
1010 2782 1141 2858 sensuit,
1165 2783 1260 2840 adsti-

140 2885 263 2954 nulante
293 2883 436 2958 BCrusio,
468 2885 650 2956 eontinentur
678 2890 710 2942 e!
735 2886 902 2944 mutinae.
941 2885 1025 2952 Quod
1048 2901 1085 2942 ex
1116 2887 1149 2944 P.
1173 2885 1259 2944 dedi-

141 3005 206 3045 mus
236 2989 364 3044 ssrmavit
392 2990 425 3047 Β.
455 2987 542 3044 Statii
570 2989 646 3048 Mss.
669 2989 868 3060 neotiqentine
890 2994 921 3044 et
938 2989 1107 3068 ambitione,
1132 2989 1176 3048 uti
1197 2991 1260 3050 Ga-

141 3093 293 3149 saubnnus
316 3093 501 3151 seribeudnm
524 3107 592 3148 esse
615 3092 783 3165 suspicatus
803 3096 877 3156 erat.
900 3095 1084 3154 Burmannus
1104 3094 1180 3154 noni.
1201 3111 1261 3152 neo

140 3195 364 3273 tnfteomter,
380 3197 429 3253 vet
443 3199 635 3274 ιἰιιιιονοιιιοι,
652 3197 777 3254 vetrum
791 3199 995 3272 περιέμεινα,
1015 3198 1147 3258 undeno.
1160 3198 1260 3270 neult-

139 3307 245 3371 nentes
267 3302 323 3358 rei.

204 3422 235 3480 4.
260 3419 353 3495 omni]
379 3422 445 3480 Par.
468 3425 497 3476 et
519 3419 600 3478 Harl.
623 3435 738 3478 omues.
814 3449 818 3456 ,

203 3544 235 3600 in
264 3541 436 3616 oeeasione]
467 3543 512 3600 lta
534 3560 611 3600 unus
644 3544 676 3608 Ρ.
700 3559 766 3600 enm
787 3544 862 3602 Edi.
886 3545 964 3608 Flor.
993 3549 1023 3604 et
1044 3546 1162 3608 Mentor.
1193 3548 1259 3608 Par.

141 3651 220 3706 ilari
246 3653 278 3704 et
301 3650 335 3702 Β.
361 3661 425 3703 oum
449 3647 525 3705 Ven.
549 3651 579 3702 et
600 3648 682 3720 vulg.
705 3664 857 3728 sermone,
880 3649 943 3706 siue
964 3649 1186 3724 praepositione.

206 3767 362 3842 Horatius]
392 3768 458 3823 Par.
492 3773 521 3824 et
556 3769 636 3824 Hert.
668 3785 733 3826 eum
747 3769 750 3772 ’
763 3770 840 3832 Ven.
871 3771 1002 3828 oratius.
1036 3771 1072 3828 V.
1105 3769 1198 3858 Epist.
1219 3769 1259 3848 ΙΙ,

144 3875 175 3949 1,·
194 3875 248 3932 70.
283 3872 407 3946 Copula,
438 3887 523 3944 quam
550 3871 697 3944 praemisit
723 3876 774 3948 P.,
805 3877 907 3930 oareut
935 3873 1001 3930 libri
1029 3871 1131 3946 σοι-ἱρῇ
1152 3875 1182 3928 et
1201 3871 1260 3931 im·

140 3979 236 4051 pressi
260 3991 373 4050 omnes,
396 3980 521 4048 excepte
542 3990 601 4031 uua
624 3973 697 4032 Ven.

203 4094 365 4172 Domitius]
390 4098 466 4155 Ven.
489 4099 645 4154 domanium

202 4219 304 4276 ternis
325 4215 508 4291 sentinaque]
532 4218 753 4292 comparandus
776 4220 902 4280 t'baoias
924 4219 1027 4296 Epist.
1052 4222 1071 4280 2
1095 4223 1159 4300 (Br.
1175 4228 1262 4294 Anni.
