3038 5032
701 391 935 472 ...a-

221 643 228 652 .
258 614 333 666 rum
353 587 496 665 aliorum
515 587 735 692 probassent,
762 581 964 686 diligentins
988 589 1238 677 retractarent,
1268 607 1314 660 ac
1331 584 1386 660 le·

258 711 378 813 gendo
413 707 748 808 commentandoque
784 709 885 783 etiam
917 709 1047 784 ceteris
1082 713 1169 781 uota
1206 705 1387 782 lacerent:

258 843 304 911 ut
339 836 376 913 0.
410 835 631 909 Octavius
667 828 908 934 Lampadio
946 830 1058 904 Naevi
1092 830 1270 904 Punicum
1310 827 1387 905 bel·

258 958 339 1051 lum,
365 953 458 1055 qnod
488 978 557 1029 uuo
585 954 760 1030 volumine
788 960 824 1030 et
851 953 1041 1066 continenti
1062 953 1245 1052 scriptura
1267 975 1387 1056 expo·

259 1081 359 1152 situm
390 1073 509 1149 divisit
534 1069 722 1174 inceptem
747 1073 874 1149 libros:
901 1081 938 1148 ut
963 1073 1155 1174 posteat).
1181 1076 1387 1174 Vargun-

258 1199 377 1274 teius
417 1193 574 1270 Annales
608 1196 722 1287 Enui,‘
755 1217 843 1294 quos
881 1198 988 1272 certis
1023 1185 1148 1270 diebus
1187 1198 1225 1269 in
1262 1219 1389 1294 magna

86 1399 90 1407 ,
257 1319 453 1418 frequentia
480 1315 741 1421 pronuntiabat:
767 1324 812 1391 ut
840 1317 1058 1393 Laelius
1083 1317 1389 1394 Archelaus

123 1435 128 1444 ’
258 1443 523 1539 Vettiusque
549 1437 970 1544 Philodemus-Lucili
1001 1440 1164 1533 Saturas,
1202 1441 1388 1521 familiaris

260 1566 339 1639 sui:
376 1587 463 1662 quas
489 1561 624 1660 legisse
657 1586 698 1636 se
724 1559 817 1664 apud
850 1561 1059 1639 Ar0helaum
1087 1564 1283 1666 Pompeius
1317 1564 1387 1638 Le·

208 1689 387 1776 hnaeuq'
402 1681 494 1784 apud
517 1681 751 1758 Philocomum
769 1683 931 1760 Valerius
958 1684 1044 1784 Cato
1066 1684 1290 1786 praedicant.
1328 1686 1386 1758 ln·

260 1811 464 1878 struxerunt
491 1810 732 1902 auxeruntque
757 1803 800 1878 ab
826 1807 916 1880 omrri
942 1812 1041 1906 parte
1059 1808 1326 1902 grammaticam
1353 1803 1386 1876 h.

259 1922 415 2000 Aelius
449 1925 706 1999 Lanuvinus
735 1948 917 2026 generque
940 1924 1019 2001 Aeli
1053 1927 1142 2003 Ser.
1176 1925 1385 2015 Clodius,

259 2051 407 2144 uterque
433 2069 542 2145 eques
565 2045 751 2146 Romanus,
769 2045 931 2146 multique
947 2070 990 2122 ac
1013 2049 1098 2124 varii
1118 2055 1153 2122 et
1168 2050 1203 2121 iu
1221 2047 1384 2123 doctrina

261 2174 297 2244 et
323 2168 356 2240 in
382 2191 420 2244 re
447 2166 586 2269 publiea
620 2191 714 2241 usus.
773 2185 778 2192 ’

210 2301 240 2368 1.
337 2289 391 2365 ΠΙ.
418 2287 574 2365 Aelius
598 2292 807 2390 cognomine
825 2287 954 2391 duplici
971 2289 1053 2366 luite
1080 2315 1156 2364 narn
1181 2297 1219 2367 et
1246 2295 1383 2367 Prae-

126 2401 133 2410 ’
261 2413 441 2502 conius,
468 2409 561 2508 quod
587 2419 689 2513 pater
717 2414 793 2486 eius
820 2415 1044 2514 praeconium
1071 2411 1227 2506 lecerat,
1267 2435 1382 2490 voca·

260 2532 379 2623 batur,
396 2539 432 2606 et
446 2531 559 2630 jstno,
594 2530 687 2629 quod
705 2537 884 2610 orationes
902 2533 1115 2611 nobilissimo
1136 2539 1268 2636 cuique
1292 2537 1383 2611 ucri·

260 2651 346 2728 bere
364 2652 527 2728 solebat:
551 2659 679 2727 tanturn
700 2656 908 2754 optimatium
925 2655 1058 2750 fautor,
1082 2665 1118 2730 ut
1137 2634 1179 2748 Q'.
1198 2657 1382 2736 Metellum

208 2779 240 2850 2.
259 2772 474 2852 Numidicum
506 2777 540 2849 in
578 2773 723 2851 exilium
751 2778 935 2852 comitatus
961 2782 1024 2851 sit.
1078 2780 1273 2858 Servius
1306 2801 1382 2854 cmn

258 2897 381 2972 librum
409 2899 527 2972 soceri
555 2896 705 2973 nondum
734 2895 861 2975 editum
894 2897 1017 2975 fraude
1041 2902 1311 3002 intercepisset,
1348 2904 1383 2972 et

260 3017 304 3095 ob
321 3017 390 3094 hou
413 3015 614 3119 repudiatus
626 3019 765 3120 pudore
781 3043 825 3095 ac
840 3019 957 3098 taedio
980 3025 1195 3100 secessisset
1209 3021 1254 3097 ab
1273 3019 1381 3106 Urbe,

259 3145 293 3217 in
320 3139 501 3243 podagrae
529 3139 680 3216 morbum
708 3139 845 3218 incidit:
873 3145 972 3218 ouius
1005 3145 1200 3246 impatiens,
1235 3161 1381 3219 veneno
1452 3217 1454 3225 k

260 3264 324 3338 sibi
345 3265 508 3364 perunxit
524 3259 638 3364 pedes
662 3269 698 3341 et
721 3267 872 3360 enecuit,
899 3267 946 3340 ita
971 3269 1007 3339 ut
1027 3273 1126 3365 parte
1147 3289 1192 3341 ea
1218 3263 1381 3368 eorporis

208 3405 242 3476 ³.
261 3387 357 3485 quasi
387 3389 593 3486 praemortui
623 3389 773 3463 viveret.
815 3390 899 3463 Post
925 3385 993 3465 hos
1017 3391 1126 3488 magis
1146 3412 1189 3463 ac
1212 3389 1326 3488 magis
1345 3388 1381 3460 et

260 3507 373 3609 gratia
403 3511 547 3600 eterna
572 3510 656 3581 artis
689 3510 857 3601 increvit,
900 3516 1001 3585 utne
1027 3507 1208 3584 clarissimi
1237 3506 1378 3608 quidem

260 3633 328 3706 viri
348 3628 587 3720 abstinuerint,
615 3631 795 3727 quominus
823 3636 858 3704 et
875 3633 939 3732 ipsi
964 3630 1092 3729 aliquid
1110 3629 1156 3707 de
1175 3656 1217 3707 ea
1239 3628 1377 3706 scribe·

257 3759 349 3844 rent,
374 3756 479 3850 utque
498 3749 709 3854 temporibus
728 3749 928 3850 quibusdam
951 3777 1057 3854 super
1073 3755 1197 3853 viginti
1214 3751 1378 3829 celebres

262 3874 409 3951 scholae
440 3869 550 3947 fnisse
585 3874 618 3945 in
647 3871 741 3947 Urbe
768 3869 960 3966 tradantnr3
1001 3878 1112 3977 pretia
1139 3899 1227 3951 nero
1259 3896 1369 3974 gram·
1503 3961 1504 3964 Ἴ

265 4000 464 4072 maticorum
480 4001 594 4089 tanta,
622 3994 873 4096 mercedesque
888 4005 955 4072 tarn
977 4020 1145 4095 magnae,
1163 4003 1199 4072 ut
1225 3999 1374 4084 constet,

264 4118 480 4192 Lutatium
499 4113 788 4219 Daphnidem,
817 4142 917 4216 quem
943 4117 1147 4191 Lenaeus
1167 4115 1376 4195 Melissus

256 4250 325 4344 'per
349 4236 607 4315 cavillationem
633 4239 779 4314 nominis
801 4238 912 4321 Πανὸς
939 4242 1096 4342 ἀγάπημα
1118 4237 1212 4338 dicit,
1240 4235 1371 4345 septin-
