3054 5000
543 367 799 442 ..91-

179 566 261 622 viros
284 561 426 638 illusires]
453 562 525 622 Ven.
549 565 679 622 illenim
700 567 790 626 rirur.

178 665 361 741 ium-tum]
390 667 492 740 Vulgo
519 683 584 726 oum
617 671 648 728 l’.
682 669 761 730 llurl.
792 671 857 730 l‘ur.
880 673 925 744 et,
956 675 1032 726 leste
1061 671 1234 730 Oudendor-

114 775 171 848 pio,
199 773 292 830 vocs.
316 787 380 827 curu
404 770 480 832 Edu.
511 775 582 832 vett.
611 777 798 850 dom-dum,
822 773 898 846 qood
921 771 1074 848 Muretus,
1097 771 1122 830 si
1151 775 1234 831 morlo

113 877 182 933 uitio
214 880 317 948 vacet,
347 880 379 932 ut
409 875 466 950 eit,
498 882 646 951 comparet
674 891 739 934 curn
770 878 948 936 Graecorum
978 868 1161 958 ὁτὲμὲν-
1185 869 1235 938 ὁτὲ

114 974 157 1042 δέ.
198 984 335 1053 Frustra,
357 985 390 1037 ut
413 987 514 1038 censet
536 979 770 1054 Oudendorpius‚
794 980 868 1053 quod
891 998 909 1038 n
931 982 968 1038 ll.
997 981 1144 1053 Stephano
1169 981 1235 1039 inde

113 1084 291 1154 rescriptum
313 1083 369 1142 fuit
393 1088 422 1141 et
444 1083 608 1142 etiamnunc
631 1083 771 1158 vulgatur
794 1091 953 1144 rum-tum
974 1086 1135 1164 amplexus,
1168 1103 1235 1144 mo-

113 1191 167 1247 luit
200 1204 372 1260 oompurure
404 1187 479 1261 quorl
508 1205 598 1260 supro
633 1179 743 1262 legitur
772 1197 835 1247 bem
864 1191 1011 1268 brerller,
1042 1195 1107 1249 lum
1134 1193 1234 1254 lulius.

113 1295 272 1350 l'iocurtuc
302 1298 331 1350 et
353 1292 517 1350 Scriverius
539 1309 751 1352 nunc-nuuc.
787 1296 832 1351 lle
854 1293 945 1352 uliero
971 1295 1110 1352 consimili
1133 1313 1236 1354 exero-

113 1399 161 1470 plo
197 1400 367 1452 structurae
405 1399 589 1455 rrum-dom
619 1409 677 1468 ego
708 1412 824 1468 quoque
853 1399 963 1457 trustra
998 1396 1140 1470 quaesivi.
1184 1398 1236 1454 Si-

112 1501 182 1558 mile
213 1503 324 1557 tunium
355 1501 429 1572 qnod
460 1499 579 1574 scripsit
607 1496 752 1573 Apuleius
775 1501 846 1560 blei.
868 1499 921 1558 lx.
945 1517 972 1572 p.
997 1499 1079 1558 232:
1109 1504 1143 1558 oi
1164 1504 1236 1558 dum

109 1605 257 1678 fodiens,
281 1605 353 1659 dum
375 1605 525 1681 r'rriporro7
549 1607 711 1677 ceteroque
732 1605 879 1662 incur-ruo
909 1605 1009 1664 labore
1030 1607 1161 1663 decernit
1182 1621 1236 1678 epo

113 1713 172 1768 etc.
214 1709 392 1763 l'aceremne
413 1713 511 1783 recte,
541 1706 566 1764 oi
596 1706 747 1766 lectionem
779 1713 820 1769 iol
849 1708 1068 1768 auctoritatibus
1099 1707 1234 1769 muoiinro

113 1809 257 1870 oblivioni
287 1809 438 1885 traderem,
476 1810 523 1866 diu
553 1810 703 1885 (lebitone,
734 1813 846 1870 tandem
878 1811 955 1870 cessi
988 1811 1055 1870 llrlel
1090 1815 1121 1873 ll.
1152 1815 1236 1872 ium-

115 1921 184 1973 lum
208 1913 379 1989 exhibentis,
403 1931 486 1988 quem
501 1913 632 1971 omnium
651 1914 781 1974 codicum
805 1917 898 1974 solum
922 1915 1044 1976 vidimus
1062 1917 1147 1976 etium
1170 1912 1236 1976 aliis

116 2019 194 2078 locis
224 2017 269 2092 (v.
298 2018 372 2076 intro
403 2035 428 2076 c.
459 2019 624 2091 (iacuere)
654 2020 809 2094 genuinum
832 2021 982 2096 scriptoris
1011 2038 1123 2080 monum
1146 2037 1236 2095 prce-

118 2123 244 2181 siiiisoe.
415 2127 419 2136 ’

185 2224 312 2301 llrmnre]
338 2227 411 2288 Veu.
430 2229 575 2299 sermore.

187 2328 314 2406 demere]
338 2330 438 2404 Vulgo
461 2327 652 2410 proemittitur
668 2332 812 2409 lectorio,
836 2331 911 2405 quod
932 2347 996 2389 oum
1013 2332 1045 2392 P.
1068 2333 1134 2391 l’ur.
1156 2329 1235 2388 llarl.

119 2442 148 2494 et
173 2436 206 2491 B.
233 2433 398 2492 delevimus.

185 2538 280 2596 thesis
310 2543 339 2595 el
361 2553 523 2596 unnsceuoe
554 2542 583 2595 el
612 2535 797 2613 cuiusceneo]
829 2537 939 2596 belluis
965 2537 1069 2597 litteris
1100 2539 1173 2598 boec
1200 2540 1236 2597 nd

117 2643 205 2701 rirlenr
230 2643 289 2700 PR.
313 2641 394 2700 llurl.
417 2643 482 2703 Por.
506 2645 536 2698 et
557 2643 631 2698 Ven.
654 2641 770 2699 exhibui
794 2657 846 2714 pru
868 2635 1145 2715 Graecisilioorzei
1162 2635 1237 2706 ἀνα.

119 2741 233 2819 σκευὰς
262 2753 302 2808 οἱ.
318 2738 522 2824 κατασκευάς,’
544 2750 577 2804 ut
605 2746 746 2822 vulgetur
775 2753 864 2820 utque
891 2749 1029 2808 Trosoius
1052 2749 1116 2822 (bio
1138 2741 1237 2823 θέσις)

118 2852 220 2912 edidit.
243 2854 277 2909 B.
301 2866 366 2908 uum
390 2867 494 2908 revere
517 2852 658 2910 Groecruu
681 2849 855 2924 scripturum
878 2850 1022 2926 exhibent,
1051 2851 1159 2910 diserte
1181 2867 1237 2909 uon

118 2961 268 3014 contutum
300 2954 401 3013 hibeo.
426 2953 561 3012 Ceterum
591 2957 651 3015 l‘ll.
674 2969 866 3034 unaoceuucn
884 2957 913 3010 et
944 2959 1133 3016 catumeum.
1165 2956 1237 3016 Cum

118 3063 217 3127 formo
245 3057 407 3117 accusativi
429 3057 522 3115 tbeoir
545 3073 682 3130 compare
704 3059 843 3116 ocrcocic
866 3060 988 3128 Gremm.
1013 3060 1034 3116 2
1058 3058 1155 3134 ibique
1179 3065 1237 3117 not.

119 3149 273 3222 Postremo
297 3165 329 3218 ut
344 3160 466 3219 Graecis
488 3161 562 3218 boec
584 3160 687 3218 litteris
710 3160 819 3234 scriptu
837 3178 903 3220 esee
922 3162 1102 3238 arbitremur,
1125 3161 1238 3219 minime

121 3266 329 3339 compellemur
360 3265 456 3330 verbis
478 3270 561 3340 puori
577 3284 677 3339 perros
700 3300 741 3310 -
766 3269 881 3328 Graeci
900 3272 1020 3347 occani,
1049 3269 1239 3326 recordantes

121 3388 222 3430 eorum
247 3386 321 3442 quae
345 3372 468 3428 Grnmm.
486 3370 505 3427 3
527 3371 685 3444 leguntur:
708 3374 761 3448 poi
782 3389 802 3428 o
817 3372 945 3430 Graecis
967 3375 1159 3443 pneumatici
1179 3389 1239 3430 uo-

121 3480 286 3537 miceuiur.
322 3476 368 3534 Ad
391 3492 449 3533 reru
473 3475 598 3533 conferri
622 3474 745 3534 Grooius
774 3475 853 3533 iubet
882 3479 1057 3551 Hermogen.
1081 3481 1238 3553 l'rogymu.

124 3583 192 3639 Vct.
218 3581 268 3639 xl.
292 3579 402 3637 'lbeon
426 3596 453 3651 p.
477 3579 518 3638 64
542 3583 572 3637 et
594 3580 644 3641 81.
674 3579 821 3652 Apbtbon.
845 3598 872 3655 p.
897 3583 945 3640 72.
971 3583 1010 3639 77
1034 3588 1063 3641 et
1092 3583 1160 3642 108.

190 3681 375 3758 exoluerunt]
397 3683 442 3741 lto
467 3685 551 3743 etium
566 3685 645 3742 llurl.
666 3691 695 3743 el
712 3687 776 3744 l’er.
813 3685 960 3748 lixVoss.
973 3688 1049 3745 Edu.
1073 3689 1163 3756 prz‘et
1177 3681 1240 3739 Cu-

122 3790 205 3846 sonb.
231 3789 326 3846 attulit
356 3791 559 3847 excoluerunt
581 3790 812 3864 conculcemus,
840 3789 903 3862 ipse
932 3791 1134 3846 coniecerunt
1155 3786 1241 3845 erbi-

122 3895 205 3952 bens.
227 3896 261 3952 B.
286 3895 472 3953 cecinerint.
496 3895 597 3968 Vulgo
620 3889 830 3954 coniecerunt.

127 4013 136 4024 ·
192 3999 239 4056 12.
264 3997 464 4072 trohebeulnr]
488 3999 555 4056 Per.
578 4001 608 4054 et
630 3998 710 4058 llorl.
729 3999 940 4058 trudebantur.
963 3995 1046 4056 iiviri.
1066 3998 1138 4054 Met.
1159 3996 1241 4070 bill,

123 4107 202 4164 922:
225 4120 297 4160 com
318 4107 405 4160 murlo
428 4105 575 4161 ducebam
601 4106 746 4162 nocentia
767 4107 847 4162 retia
877 4105 988 4174 plocen.
1032 4100 1103 4158 lude
1125 4103 1242 4176 proprie

124 4202 318 4272 δικτυουλκοί.
350 4207 495 4267 remoror.
521 4210 559 4266 v.
582 4208 669 4280 eyn.
692 4209 726 4268 n.
756 4225 784 4282 p.
809 4207 860 4266 rr.
883 4204 990 4264 uteru.
1014 4196 1097 4287 παρὰ
1118 4202 1168 4270 τὸν
1191 4198 1240 4270 ai-
