3038 5032
444 343 809 476 .-23-

120 575 345 673 *extricta*
385 615 427 666 se
453 590 577 667 aiebat.
624 590 791 667 Eiusdem
816 569 961 674 uxorem
987 594 1154 686 Fulviam,
1181 543 1237 671 cui
1260 616 1290 681 2.

120 715 237 790 altera
263 715 376 790 bucca
404 715 552 790 inflatior
578 722 671 806 erat,
706 737 852 790 acumen
880 714 949 789 stili
976 721 1113 792 tentare
1138 713 1238 808 dixit,
1333 759 1338 765 ·
1386 785 1393 802 ,

121 859 192 912 nec
219 861 265 914 eo
292 839 413 927 minus,
439 839 507 910 imo
535 835 605 930 vel,
622 839 733 936 magis
758 837 804 913 oh
826 836 895 912 lroc
930 835 1082 913 Antonio
1108 844 1240 936 gratus

120 963 154 1033 A
182 983 253 1057 quo
281 982 361 1035 mox
388 956 537 1032 consule
564 961 689 1058 ingens
716 961 818 1034 etiam
851 961 1071 1058 congiarium.
1091 962 1239 1060 accepit,

122 1091 159 1158 ut
181 1085 214 1156 ei
237 1085 271 1154 in
285 1078 485 1179 Philippicis
508 1080 635 1156 Cicero
655 1079 791 1155 obiicit:
824 1079 1002 1174 „Adhibes
1023 1082 1091 1154 ioci
1112 1103 1240 1156 caussa
1261 1093 1289 1156 3.

120 1205 322 1302 magistrum
342 1201 510 1298 suffragio
537 1212 598 1276 tuo
625 1212 661 1275 et
687 1210 925 1304 compotorum
943 1210 1089 1296 tuorum,
1115 1202 1239 1306 rlrelcf

120 1326 294 1426 reme-cui
317 1324 538 1414 concessisti,
561 1326 652 1396 utin
675 1346 776 1421 quem
791 1323 903 1399 vellet
923 1322 1077 1400 diceret:
1109 1323 1238 1398 salsum

119 1449 263 1522 omnino
286 1443 473 1518 lrominemz
500 1443 567 1517 sed
593 1447 736 1520 materia
758 1443 884 1537 facilis,
912 1448 944 1517 in
973 1452 1009 1519 te
1036 1451 1073 1521 et
1099 1439 1131 1516 in
1157 1453 1239 1519 tuos

119 1566 256 1646 dicere.
307 1567 354 1638 At
380 1572 509 1662 quanta
535 1588 672 1641 merces
699 1564 831 1641 rhetori
863 1572 920 1640 ost
946 1561 1055 1638 data‘l
1096 1560 1237 1656 Audite,

118 1689 259 1781 audite,
292 1689 414 1762 Patres
440 1692 649 1790 conscripti,
686 1695 723 1762 et
753 1689 963 1786 cognoscite
998 1685 1239 1787 reipublicae

118 1811 282 1888 vulnera.
321 1810 400 1884 Duo
421 1810 512 1884 milia
534 1810 823 1909 ingeromcampi
842 1808 1000 1898 Leontini
1024 1807 1137 1884 Sexto
1152 1804 1237 1882 oto-
1292 1875 1298 1884 .

118 1932 182 2007 dio
205 1931 334 2005 rhetori
357 1933 557 2030 assigrrosti‚
581 1929 776 2028 etquidem
799 1932 951 2004 immuni:
975 1939 1012 2004 ut
1028 1939 1124 2004 tanta
1143 1951 1237 2004 mer·

119 2050 216 2129 cede
245 2050 324 2124 nllril
351 2037 478 2152 sapere
504 2050 697 2127 disceres.“
772 2093 774 2098 .

131 2225 134 2237 ·
198 2177 255 2248 Vl.
297 2174 666 2250 GaiusAlbutius
693 2173 831 2264 siloc,
871 2175 1120 2266 Novarieusis,
1161 2199 1237 2250 cunr
1261 2187 1288 2249 1.

119 2297 302 2408 aedilitate
330 2302 363 2372 in
387 2302 497 2399 patria
526 2299 755 2398 fungeretur,
788 2321 865 2372 oum
893 2297 986 2374 forto
1011 2301 1066 2373 ius
1092 2297 1239 2388 diceret,

120 2423 164 2498 ab
186 2425 240 2513 iis,
267 2430 391 2496 contra
410 2444 498 2518 quos
517 2420 770 2523 pronuntiabat,
794 2417 941 2522 pedibus
962 2419 1154 2496 atribunali
1167 2419 1237 2498 de-

121 2553 257 2618 tractus
294 2553 358 2618 est
414 2541 514 2630 Quod
550 2541 691 2640 indigne
724 2541 865 2633 ferens,
906 2546 1019 2617 statim
1059 2542 1239 2620 contendit
1261 2553 1290 2616 2.

120 2667 166 2741 ad
203 2673 358 2768 portam,
398 2676 437 2738 et
469 2665 549 2740 inde
582 2667 740 2754 Romam:
781 2674 1016 2768 receptusque
1050 2667 1082 2762 in
1119 2666 1239 2742 Planci
1328 2663 1334 2678 '

120 2792 274 2866 oratoris
298 2787 569 2879 contubernium,
596 2791 651 2864 oui
676 2787 914 2866 declamatore
937 2812 1012 2864 mos
1030 2799 1115 2882 erat,
1143 2793 1239 2890 prius
1382 2789 1387 2794 ’

119 2911 291 3009 aliquem,
319 2913 375 3008 qui
403 2909 658 3004 contradiceret,
687 2915 856 3002 excitare,
882 2913 1038 3011 suscepit
1065 2934 1128 2986 eas
1155 2895 1289 3013 par-'⁸

121 3045 196 3124 tes,
221 3041 327 3132 atquc
353 3036 400 3106 ita
427 3033 592 3134 implevit,
620 3042 657 3107 ut
682 3021 813 3109 Planco
840 3033 1012 3110 silentium
1035 3036 1239 3136 imponeret,

121 3182 192 3233 uon
219 3153 360 3231 audenti
396 3157 428 3228 in
457 3159 748 3256 comparationem
785 3179 827 3232 se
848 3155 1030 3232 dimittere.
1091 3154 1162 3232 Sed
1191 3178 1238 3230 ex
1260 3173 1290 3238 3.

121 3303 167 3357 co
195 3277 326 3368 clarus,
352 3280 493 3378 propria
516 3275 688 3351 auditoria
713 3269 877 3368 instituit,
906 3275 1031 3352 solitus
1058 3281 1239 3379 proposita

5 3419 6 3422 ’
121 3401 368 3476 controversia
399 3396 530 3473 sedens
557 3401 732 3500 incipere,
766 3405 802 3472 et
835 3398 956 3474 colore
990 3397 1126 3476 demum
1152 3425 1238 3503 pro·

123 3527 251 3597 vectus
278 3541 499 3618 consurgere
525 3543 568 3595 ac
594 3543 774 3621 perorare,
802 3520 1000 3598 declamare
1027 3530 1141 3599 autem
1167 3546 1237 3622 ge·

121 3663 209 3718 nere
237 3643 357 3734 vario,
385 3639 488 3716 modo
509 3640 693 3742 splendide
715 3651 821 3742 atque
847 3642 1038 3738 adornate,
1073 3658 1164 3735 tum,
1183 3665 1238 3748 ne

122 3789 374 3864 usquequaque
401 3764 636 3840 scholasticus
660 3769 933 3859 existimaretur,
961 3767 1167 3841 circumcise
1193 3784 1237 3838 ac

121 3885 267 3963 sordide
294 3896 330 3962 et
356 3897 468 3961 tanuen
495 3911 564 3962 uon
588 3885 782 3962 trivialibus
809 3886 938 3962 verbis.
972 3887 1053 3985 Egit
1069 3892 1105 3960 el
1129 3905 1236 3962 caus·
1258 3906 1289 3969 4,

122 4037 202 4104 sas,
230 4034 349 4085 vernrn
378 4013 506 4101 rarius,
540 4011 618 4084 rlnrn
651 4010 891 4112 amplissimam
919 4031 1088 4108 quamque
1115 4015 1236 4082 secta·
1371 4083 1373 4090 Α

123 4145 189 4225 tur,
218 4135 286 4206 nec
314 4132 416 4206 alium
442 4135 474 4205 in
504 4131 575 4206 ulla
601 4131 727 4226 locum,
756 4157 854 4231 qnam
873 4128 1070 4232 perorandi:
1106 4132 1238 4208 Postea

122 4256 333 4331 renuntiavit
371 4253 470 4346 loro,
510 4258 631 4355 partim
658 4253 805 4354 pudore,
844 4253 964 4358 partim
998 4261 1101 4330 metu.
1153 4255 1237 4328 Nam
1257 4271 1287 4334 5.
