3054 5000
564 442 611 469 0.
666 409 817 503 33¹..

137 612 257 688 turpio,
293 627 378 686 quem
404 609 552 668 Bcrusius
576 613 776 692 secutusaest.
813 609 942 666 Woitius
965 605 1081 667 retinuit
1103 611 1276 688 uulgatum⁸

135 732 178 796 ae,
204 715 420 790 suppeditatum
444 715 480 772 ab
505 713 584 774 ilari,
609 719 637 772 ct
659 716 738 774 Ven.

201 817 372 894 opprobrio]
406 819 436 876 P.
467 819 616 892 opprobio.
649 821 683 877 B.
715 819 780 877 Par.
812 823 840 874 et
872 806 950 880 itari,
983 819 1148 892 obprobrio.
1182 817 1255 876 Ven.

26 973 27 978 ,
136 926 288 984 odrodrr'o.
369 989 372 996 ,

200 1025 324 1106 mansit]
349 1025 462 1086 Omittit
481 1028 556 1086 Veo.

201 1129 369 1208 contracta]
400 1131 575 1204 Comparata
596 1130 651 1188 sibi
679 1129 880 1205 undecumque
904 1126 1110 1205 interpretatur
1137 1131 1259 1190 Ouden-

135 1237 270 1310 dorpius.

202 1321 367 1414 annotare]
389 1341 421 1399 B.
447 1340 513 1396 Par.
536 1342 564 1394 et
588 1338 667 1395 itari.
692 1354 756 1395 cum
782 1338 854 1398 Veu.
879 1344 911 1397 ut
935 1340 1025 1414 vulgo
1049 1345 1121 1401 adu.

203 1441 402 1520 distinguere]
426 1443 498 1512 Quid
521 1442 560 1500 sit
583 1443 729 1500 iilustrare
751 1443 849 1500 studui
871 1435 982 1502 Aoe'cd.
1006 1445 1087 1502 Rom.
1112 1443 1143 1520 §.
1167 1443 1217 1504 75.

204 1547 275 1622 soii]
300 1551 334 1604 B.
357 1551 420 1608 ced.

203 1652 234 1710 3.
260 1649 386 1726 aliquot]
410 1651 476 1708 Par.
501 1656 528 1707 et
552 1652 627 1710 Ven.
649 1651 777 1726 aliquos.

204 1751 383 1832 Numquam]
410 1755 488 1810 tiarl.
512 1771 671 1832 antiquum
694 1760 722 1811 et
744 1771 809 1812 mox
832 1755 1021 1814 arabartum-et.
1046 1758 1110 1813 Hoc
1136 1753 1208 1817 Vcn.

205 1863 237 1918 4.
263 1863 355 1919 Unum
385 1858 429 1934 et]
455 1860 555 1934 Vulgo
579 1875 675 1916 unum
697 1861 753 1938 cel,
786 1860 863 1932 quod
893 1860 997 1919 retinet
1025 1862 1057 1920 P.
1087 1861 1169 1931 Quod
1199 1860 1263 1920 dedi

139 1985 177 2024 ex
202 1967 272 2023 Par.
296 1965 377 2024 Harl.
402 1967 435 2021 B.
459 1968 487 2020 et
501 1966 592 2038 ven,
615 1961 669 2020 iam
693 1965 822 2022 Woidus
844 1965 1027 2042 probaverat,
1049 1967 1117 2024 licet
1140 1966 1167 2022 in
1191 1982 1265 2025 con-

141 2075 257 2129 textum
282 2067 433 2142 suscipere
458 2084 513 2124 non
536 2083 636 2127 ausus.
674 2070 739 2126 Non
762 2069 875 2143 dicitur,
898 2086 985 2126 unum
1010 2086 1152 2142 quemque
1174 2069 1265 2126 disci-

139 2174 278 2248 pnioruru
301 2171 424 2228 seorsim
446 2150 603 2240 admissum
626 2189 708 2230 esse:
732 2173 784 2228 sed
808 2172 844 2228 de
859 2187 977 2229 numero
993 2170 1266 2246 arimissorumagi-

25 2269 26 2298 ¹
140 2284 201 2356 tur,
235 2277 275 2334 ita
304 2281 336 2333 ut
364 2274 418 2332 iam
449 2274 581 2332 dicantur
613 2267 824 2348 nonnumquam
853 2275 899 2332 rel
923 2275 989 2352 «iuro,
1019 2291 1172 2349 numquam
1196 2292 1266 2333 uero

140 2383 244 2456 piures
269 2395 354 2452 quam
377 2383 501 2452 quatuor
523 2377 641 2436 admissi
665 2396 740 2436 esse.
777 2355 994 2466 Det'looutionis
1010 2380 1122 2437 ratione
1139 2379 1185 2436 adi
1206 2385 1266 2439 not.

141 2485 180 2546 ad
204 2483 267 2542 Cic.
292 2482 328 2539 de
350 2499 410 2554 rep.
434 2483 457 2558 1,
485 2483 532 2541 12.
555 2501 582 2556 p.
601 2484 653 2542 46.
686 2485 759 2542 Rem
783 2486 950 2558 comprobat
972 2491 1075 2544 auctor
1097 2486 1158 2560 ipse
1181 2476 1267 2549 Rbet.

143 2591 178 2648 1:
209 2605 254 2646 en·
283 2588 393 2662 quidue
425 2603 487 2646 non
518 2591 650 2646 alienum
677 2588 776 2661 licerit
801 2575 895 2648 unum
926 2599 955 2648 et
980 2593 1242 2664 alteram-referre
1253 2612 1266 2670 ,-

24 2745 25 2748 ,
140 2695 201 2752 duo
225 2693 282 2750 iam
304 2692 435 2764 exempla
456 2695 597 2752 reterens.

209 2795 293 2870 cum]
316 2795 370 2854 ita
385 2797 467 2854 Harl.
491 2796 551 2854 PR.
576 2802 606 2854 et
628 2798 693 2858 Par.
718 2801 751 2859 Β.
775 2816 878 2874 quani.
906 2801 977 2858 Veu.
1001 2816 1099 2876 quoto.

208 2895 362 2978 plurimos]
388 2904 421 2961 Β.
441 2903 590 2976 plurimis.
615 2903 680 2961 Par.
703 2907 732 2958 et
756 2903 838 2964 Harl.
857 2903 991 2975 plurimi,
1050 2902 1054 2910 “

209 3005 455 3080 postmeridianis]
487 3006 545 3064 Alii
570 3023 649 3080 porte.
672 3007 748 3063 liiud
772 3023 808 3064 ex
832 3008 908 3067 Mes.
939 3007 1002 3065 suis
1033 3009 1115 3066 affert
1139 3003 1262 3070 Statius.

210 3111 363 3188 quaedam]
387 3111 498 3170 Omittit
521 3113 585 3171 Par.

206 3216 311 3292 Nimis]
336 3219 367 3276 P.
390 3220 480 3276 nimia
510 3216 752 3290 praecedentibus
783 3214 932 3292 adiungit,
963 3221 996 3274 ut
1026 3217 1091 3275 olim
1122 3219 1262 3300 edebatur

138 3317 231 3378 invita
250 3319 403 3395 sententia,
427 3336 511 3394 quam
534 3319 588 3376 iam
612 3318 724 3376 Statius
746 3325 827 3376 recte
850 3325 977 3392 ceperat.
1201 3307 1225 3386 Ἀ

207 3423 235 3480 5.
259 3422 383 3498 antiqui]
408 3426 474 3482 Par.
496 3427 527 3481 et
549 3424 629 3484 Harl.
653 3424 707 3480 sub
738 3425 823 3506 duem
844 3421 948 3480 libelii=
975 3427 1134 3503 „Suetonii
1157 3429 1260 3488 Trun-

138 3529 226 3602 quilb'
247 3532 285 3586 de
304 3531 508 3601 praeamantis
530 3529 605 3584 liber
624 3530 742 3602 primus
770 3530 901 3603 empireo.
936 3523 1100 3608 Soequibtr
1126 3525 1260 3592 eiusdem

140 3635 178 3688 de
199 3633 370 3692 rbctorr'dua
393 3635 468 3691 b'der
491 3637 660 3694 secundus.
781 3657 785 3663 ·
1230 3627 1234 3632 ’

353 3987 355 3992 .
426 3925 499 4022 od
541 3918 970 4020 botruitidis.

204 4092 256 4148 nu
284 4087 552 4170 uuuuoumvs]
583 4094 629 4148 ita
656 4090 689 4146 P.
721 4091 754 4146 B.
778 4088 858 4147 Harl.
888 4092 917 4144 et
939 4087 1005 4142 Par.
1031 4079 1147 4163 Clurda,
1178 4091 1256 4162 qued

140 4192 233 4268 vulgo
255 4187 381 4259 additur,
405 4209 423 4246 a
437 4195 511 4257 Mss.
535 4195 643 4253 abesse
663 4196 790 4250 testatur
809 4188 1042 4262 Oudendorpius.
1066 4189 1155 4249 Caret
1179 4195 1252 4252 ven.

140 4296 217 4353 omni
238 4290 434 4362 inscriptione.
458 4295 553 4356 Vatia.
582 4299 667 4358 4498
691 4303 757 4370 post
777 4295 880 4353 librum
909 4294 946 4352 de
973 4309 1095 4369 gramm.
1110 4286 1252 4352 'exhibem

1008 4395 1025 4448 3
1036 4398 1046 4422 .
