3038 5032
581 471 823 524 ιιι-ΣΙ-

149 640 259 725 quibus
290 646 397 702 tamen
429 633 647 701 Suetoniunoe
678 635 807 701 libellos
841 655 912 700 eum
946 644 1085 720 utroque
1107 633 1252 702 Tacitine

148 742 309 808 addendos
333 759 407 805 esse
432 739 548 802 iamin
572 719 742 826 comperto
764 739 930 807 habemus.

209 844 275 912 sed
291 845 371 909 satis
390 842 431 905 de
451 841 617 908 Henucho.
654 844 746 926 Quae
769 833 923 928 deinceps
947 845 978 909 in
1002 854 1076 907 nota
1099 842 1149 908 illa
1165 840 1254 907 Peri-

147 949 272 1016 zoninni
294 947 416 1013 eodieis
439 947 574 1032 margini
605 947 729 1012 adiecta
759 949 800 1012 de
822 947 976 1014 Sicconio
1004 950 1075 1014 sive
1103 945 1254 1030 Siccone,
1282 973 1310 994 ·=

149 1057 199 1120 vel
233 1058 260 1120 si
280 1073 354 1120 eum
377 1055 448 1137 ipso
469 1052 598 1117 humine
628 1053 824 1140 loquendum
848 1068 909 1141 est,
938 1057 1105 1124 Xicchone
1127 1054 1159 1139 Ι)
1193 1055 1257 1121 Po·

149 1161 277 1224 lentono
301 1167 484 1240 narrantur,
511 1177 552 1220 co
575 1157 721 1244 digniora
745 1169 818 1224 sunt
843 1181 926 1245 quae
950 1161 1130 1226 accuratius
1160 1181 1257 1225 excu-

148 1265 280 1346 tiantur,
313 1281 378 1348 quo
408 1261 585 1346 proclivius
618 1283 656 1326 ea
690 1263 810 1328 erroris
842 1246 954 1330 ansam
988 1266 1156 1336 dederunt.
1211 1265 1257 1334 Ea

148 1370 231 1434 enim
253 1365 353 1432 verba
375 1363 571 1431 Ritschelius
601 1366 643 1430 ita
681 1367 866 1451 accipienda
890 1372 1031 1454 putavit,
1061 1382 1095 1437 ut
1128 1370 1259 1437 alterius

148 1473 283 1554 codicis,
321 1487 385 1554 quo
404 1461 555 1534 Suetonii
585 1488 669 1554 opus
693 1481 832 1554 quatuor
861 1473 929 1538 suis
953 1473 1099 1557 partibus
1127 1473 1260 1539 interne·

148 1587 253 1642 ratum
281 1584 313 1638 et
344 1575 504 1657 integrum
528 1582 715 1636 contentum
742 1574 872 1658 fuisset,
904 1577 1013 1640 notitia
1038 1576 1258 1642 exhiberetur:

149 1682 241 1745 euius
259 1679 330 1743 libri
348 1677 457 1760 Sicco,
482 1698 578 1763 qtuum
596 1678 626 1740 in
650 1678 826 1762 scriptione
850 1680 965 1746 suade
987 1681 1066 1746 viris
1080 1679 1261 1746 illustribus

147 1785 233 1850 eirea
260 1805 288 1847 a.
314 1783 398 1848 1433
421 1783 569 1847 confecta
593 1801 674 1848 usus
699 1782 751 1846 vel
772 1784 894 1849 abusus
911 1795 1009 1866 esset,
1033 1769 1261 1870 campartem,

148 1907 231 1972 quae
258 1895 405 1950 oratores
429 1897 460 1949 et
483 1895 597 1968 poetas
620 1896 791 1970 tractaret,
822 1887 1043 1953 comburendo
1076 1888 1262 1954 delevisset.

149 1991 197 2056 Ex
228 1990 349 2077 quibus
379 1990 428 2053 vir
456 1990 663 2053 acutissimus
697 1991 728 2053 in
763 1991 846 2056 hane
875 1994 1066 2057 sententiam
1091 1993 1263 2077 processit,

149 2117 245 2182 quarn
272 2095 374 2179 ipsius
399 2091 483 2156 malo
505 2092 615 2156 verbis
639 2093 777 2158 reddere
799 2117 830 2179 p.
853 2096 934 2160 615:
963 2094 1077 2179 „Zwei
1102 2096 1264 2161 verschie-

149 2189 243 2264 dene'
272 2196 658 2282 Originalhandschrihen
693 2198 752 2262 der
774 2197 1009 2268 Suetuuischeu
1032 2198 1101 2262 Viri
1123 2198 1265 2262 illustres

134 2307 204 2370 -hat
227 2325 269 2370 es
292 2301 444 2367 hiernach
469 2302 510 2364 im
537 2301 586 2366 15.
609 2300 826 2366 Jahrbundert
849 2301 1008 2388 gegeben,
1032 2304 1103 2368 eine
1126 2301 1266 2367 abricbt·

151 2407 213 2474 lich
252 2405 321 2471 und
354 2406 427 2469 eine
459 2404 590 2490 zuffillig
622 2405 874 2472 verstbmmelte.
920 2405 989 2472 Aus
1022 2407 1083 2471 der
1110 2405 1266 2490 letztpren

150 2515 311 2580 scheinen
346 2531 464 2576 unsere
485 2510 629 2597 jtingern
660 2511 843 2597 gellossen,
879 2511 932 2576 die
954 2525 1079 2577 cistere
1102 2510 1213 2576 weder
1235 2510 1267 2574 in

150 2619 304 2684 fritherer
339 2615 410 2684 Zeit
439 2623 527 2692 (von
552 2617 628 2681 dem
659 2618 938 2683 mehrerwainnten
970 2617 1268 2695 lieriehterstatter)

150 2723 306 2804 benutzt,
334 2719 426 2783 noch·
457 2719 490 2784 in
521 2738 659 2785 neuerer
687 2722 811 2786 wieder
844 2722 1060 2809 aufgeiunden
1091 2741 1131 2786 zu
1167 2718 1270 2784 sein.“

150 2827 212 2894 Cui
237 2823 420 2892 sententiae
442 2832 564 2888 tanturn
587 2823 679 2890 abest
715 2836 748 2889 ut
771 2827 923 2893 accedam
948 2841 981 2892 ut
1004 2847 1075 2892 enm
1098 2845 1139 2889 ne
1163 2823 1270 2888 verbis

150 2929 288 3014 quidem
312 2927 391 3011 ipsis
416 2925 537 2991 luviani
559 2937 614 2991 aut
636 2927 819 3017 quicunque
850 2931 918 2994 eius
941 2939 1038 2994 notae
1062 2935 1177 2991 auctor
1200 2923 1270 3005 luit,

151 3035 277 3100 firmari
300 3032 440 3098 credam.
475 3032 526 3096 hc
548 3033 683 3117 primum
707 3035 735 3098 si
759 3035 791 3098 in
808 3033 862 3100 illa
877 3035 918 3100 tle
932 3033 1157 3100 combustione
1172 3028 1271 3113 partis

150 3147 239 3210 lama
275 3140 426 3206 standum
458 3150 527 3223 est,
561 3159 656 3224 quam
686 3141 715 3205 si
745 3141 777 3204 in
799 3141 916 3207 sabulis
946 3141 1142 3220 referamus,
1176 3132 1272 3201 simul

152 3248 286 3314 tabulae
309 3245 388 3310 fiunt
410 3263 625 3328 quaeeunque
648 3244 689 3309 de
708 3245 811 3310 altero
834 3245 941 3330 aliquo
958 3244 1071 3310 codiee
1091 3239 1272 3320 traduntur,
1393 3243 1397 3248 ’

152 3373 265 3440 neque
295 3369 358 3436 ego
382 3348 513 3435 omnino
535 3347 631 3412 video
654 3369 715 3414 cur
735 3350 840 3414 laruae
862 3349 907 3415 illi
937 3348 1032 3420 iidem
1062 3346 1272 3432 denegemus,

153 3479 260 3544 quum
284 3456 474 3522 damnosam
497 3473 568 3518 earn
588 3451 765 3538 libidinem,
782 3452 839 3518 'eui
862 3451 1030 3517 indulserit
1046 3448 1154 3531 Sicco,
1178 3445 1274 3512 etiem

153 3565 219 3630 alia
246 3573 393 3627 veterum
416 3561 537 3645 scripta
572 3571 706 3644 experta
728 3561 882 3644 sciamus,
913 3559 942 3624 si
963 3559 1062 3645 igitur
1091 3551 1274 3621 combustio

152 3668 209 3734 illa
248 3667 388 3732 tenenda
413 3675 481 3750 est,
514 3685 598 3751 quae
621 3683 738 3730 caussa
769 3682 844 3728 esse
875 3663 995 3746 potuit,
1025 3657 1113 3746 quod
1143 3656 1274 3722 alteram

153 3783 287 3856 partem
315 3769 416 3836 ‘Sicco
439 3772 588 3836 intactam
612 3767 794 3854 reliquerit,
826 3787 925 3852 quum
954 3763 1042 3830 credi
1074 3781 1136 3828 non
1159 3757 1275 3843 possit,

268 4032 334 4086 nihil
354 4033 381 4086 in
401 3999 540 4102 comperto
559 4047 590 4085 se
606 4028 710 4084 habere
728 4025 858 4082 'Pressius
885 3999 939 4082 non
956 4031 1069 4098 questus
1087 4027 1173 4086 esset,
1192 4020 1217 4074 si
1238 4018 1277 4074 ln·

268 4117 375 4174 buisset
398 4119 509 4174 notitias
533 4115 701 4190 perlustrare
730 4132 745 4168 a
771 4111 845 4167 lllnio
870 4112 888 4168 l.
915 4110 1102 4173 uindicatus,
1124 4105 1170 4162 vol
1195 4107 1278 4160 etiam

269 4205 311 4262 his
330 4209 357 4260 in
376 4208 460 4262 terris
474 4206 576 4284 volenti
596 4210 728 4275 patentes,
742 4209 771 4256 ut
786 4199 905 4255 fabricii
922 4195 1065 4254 bibl-but.
1080 4193 1113 4250 T.
1127 4193 1158 4248 ll.
1175 4211 1203 4266 p.
1217 4195 1278 4246 lbi.

213 4313 253 4376 *j
272 4308 306 4366 V.
324 4309 406 4370 Voss.
426 4311 460 4367 tle
479 4310 540 4367 bist.
556 4308 616 4367 lat
635 4307 680 4374 ΙΙΙ,
697 4311 723 4363 u.
744 4324 769 4382 p.
788 4308 849 4365 sot.
