3038 5032
586 447 832 503 ...ιχ-.-

247 624 328 702 sum,
352 619 392 683 dc
410 617 487 700 vitis
493 618 660 702 illustrium
679 619 876 702 scriptorum
899 557 1118 702 loquumffune
1131 619 1262 704 puriter

250 732 283 790 ct
295 723 485 808 ineptissime
502 722 684 808 scripsisse:
698 751 728 772 κ
1084 777 1090 790 ,
1179 729 1181 734 ’

305 859 653 929 IomPONTANVS.
674 859 843 927 VMBER
856 859 1101 946 EXcripfittw
1219 947 1227 958 ι

211 1040 317 1122 Quum
344 1039 407 1101 iam
441 1035 618 1102 Ritsohclio
648 1044 799 1098 monente
826 1034 985 1098 incertum
1006 1035 1069 1117 sit,
1095 1043 1173 1097 nota
1204 1031 1260 1097 illa

145 1156 253 1211 utrum
279 1165 296 1208 a
326 1143 458 1208 loviano
487 1142 634 1207 Pontano
651 1127 734 1225 ‘ipso
764 1139 910 1224 prosecta
934 1141 986 1225 sit,
1017 1141 1049 1204 id
1073 1141 1159 1226 quod
1183 1160 1261 1205 oon·

144 1247 247 1310 tendit
276 1244 447 1330 Trocmos,
477 1265 516 1309 an
547 1238 583 1308 in'
613 1243 677 1309 alio
708 1243 840 1326 codice,
865 1244 920 1329 qui
944 1263 984 1316 ex
1007 1244 1091 1309 libro
1113 1243 1261 1308 Henoclri

116 1390 118 1394 ,
143 1348 299 1414 Asculani
322 1349 537 1433 transcriptus
559 1359 658 1432 esset,
674 1407 676 1410 .
690 1360 818 1432 reperta
847 1369 865 1412 a
892 1331 1183 1433 loviannrepstitn
1206 1349 1259 1430 sit,

142 1455 227 1518 baec
261 1452 409 1546 quaestio
446 1453 539 1517 facile
574 1451 733 1518 dirimitur
753 1453 954 1517 'testimonio
992 1451 1096 1517 Geelii
1128 1472 1159 1534 p.
1198 1453 1261 1514 122

141 1557 345 1638 adamantis,
369 1555 445 1620 'eam
474 1556 652 1641 longiorem
680 1567 799 1637 notam,
822 1555 897 1621 linet
921 1555 1146 1621 minutioribus
1176 1554 1261 1619 litte·

12 1723 19 1738 ,
141 1663 190 1724 ris
214 1671 396 1742 exaratam,
431 1660 576 1726 eiusdem
599 1681 713 1727 manus
745 1680 837 1741 esso,
870 1679 954 1744 quac
982 1661 1089 1744 ipsum
1113 1659 1258 1722 codicem

139 1765 321 1848 scripserit.
362 1763 517 1830 Codicem
542 1785 621 1829 vcro
644 1767 750 1848 ipsum
775 1785 792 1829 a
817 1764 965 1830 Pontano
988 1765 1144 1848 scriptum
1172 1783 1259 1844 esse,

140 1867 315 1932 nemodum
346 1868 377 1930 in
408 1867 540 1932 dubium
571 1871 700 1934 vocavit
722 1879 862 1954 excepto
890 1869 1005 1934 Geelio
1038 1869 1058 1935 l.
1090 1869 1110 1932 l.
1138 1884 1260 1954 genere

139 1971 294 2034 vitiorum
326 1986 358 2034 et
390 1969 568 2056 liturarum,
601 1973 689 2058 quod
720 1973 846 2060 longior
872 1985 946 2038 nota
973 1971 1133 2055 ostendat,
1158 1973 1259 2036 nisus.

139 2076 187 2140 At
216 2086 251 2140 ut
285 2075 367 2139 banc
397 2074 614 2154 differentiam
651 2097 716 2141 non
747 2079 828 2141 tanti
866 2089 962 2160 puto,
999 2089 1032 2142 ut
1066 2070 1153 2142 corta
1185 2075 1260 2140 binc

79 2197 82 2202 ·
138 2179 374 2261 inscriptoris
405 2197 533 2242 manum
557 2179 725 2244 conclusio
762 2178 834 2268 fiat,
864 2181 906 2244 ita
938 2179 1095 2244 dubitanti
1131 2197 1258 2243 omnmn

138 2281 331 2366 sompnium
361 2281 502 2346 adiment
537 2282 694 2368 quaeda
728 2282 850 2348 luviani
880 2303 975 2348 manu
1004 2303 1046 2347 ex
1069 2283 1141 2347 aliis
1163 2280 1258 2347 codd.

138 2385 278 2475 collecta
297 2386 477 2470 scripturae
493 2385 641 2471 exempla
667 2386 799 2471 protulit
819 2385 1048 2452 Massmonnus
1067 2385 1088 2449 l.
1103 2384 1121 2450 l.
1140 2405 1170 2469 p.
1187 2385 1259 2449 18³.

70 2511 75 2523 ¹
140 2489 295 2582 Getarum
315 2508 381 2575 quo
401 2489 499 2556 modo
522 2509 662 2576 cumque
693 2509 731 2554 ea
767 2491 808 2554 do
838 2511 875 2554 re
910 2499 1050 2572 statuas,
1086 2495 1150 2552 non
1179 2486 1260 2552 mul-

4 2675 8 2682 *
138 2605 210 2658 tum
240 2593 273 2656 id
302 2593 386 2658 scire
423 2593 532 2676 refert,
562 2593 824 2679 quandoquidem
859 2605 992 2680 propter
1028 2603 1175 2678 tempora
1205 2591 1261 2656 Ni·

139 2694 240 2778 colai,
263 2695 470 2778 pontificatus
492 2696 671 2763 honoribus
694 2697 735 2762 ab
758 2719 786 2762 a.
805 2699 887 2763 1447
909 2697 950 2764 ad
965 2698 1049 2764 1455
1070 2697 1181 2778 functi,
1207 2709 1264 2762 na*

140 2819 240 2864 oense
270 2809 321 2863 est
342 2811 522 2866 statuamus
545 2801 691 2866 codicem
715 2821 812 2886 quem
835 2802 1009 2884 habemus,
1041 2801 1111 2866 sive
1133 2821 1150 2864 a
1176 2799 1260 2876 Pon,-

139 2912 219 2966 tano
242 2904 314 2986 ipso
337 2904 562 2987 scriptumest,
586 2901 674 2990 quod
705 2907 826 2974 sactum
855 2906 972 2972 dicitur
1002 2928 1031 2972 a.
1056 2904 1158 2985 1460,
1188 2905 1259 2968 aive

140 3006 181 3070 ab
208 3006 288 3090 alio,
319 3006 501 3090 cxcnrplum
530 3008 603 3074 libri
627 3008 822 3094 llenochiani
856 3020 1042 3096 praestans,
1068 3009 1155 3096 quod
1174 3006 1259 3072 haud

141 3111 246 3175 multo
268 3119 344 3196 post
366 3131 462 3197 qnam
484 3112 529 3176 illi
552 3113 661 3198 libelli,
685 3115 756 3178 aive
778 3115 812 3178 in
834 3099 953 3198 Gilua,
976 3116 1047 3179 siva
1069 3116 1102 3179 in
1125 3112 1260 3178 Germa·

142 3218 214 3298 nia,
248 3217 338 3300 quod
369 3235 443 3282 oum
470 3215 607 3282 'l‘rossio
637 3217 757 3282 mavult
786 3217 1014 3284 Massmannus
1047 3239 1077 3303 p.
1103 3218 1183 3298 171,
1206 3215 1259 3283 ab

142 3317 303 3384 Henocbo
323 3321 455 3404 inventi,
478 3321 511 3383 in
533 3319 654 3386 ltaliam
679 3321 826 3387 translati
847 3332 971 3404 essent,
1002 3321 1186 3386 consectum
1208 3320 1260 3385 sit.

143 3425 290 3506 Annum,
320 3443 384 3508 quo
407 3425 544 3509 primum
575 3426 695 3509 reperti
717 3424 817 3489 libelli
840 3426 872 3489 in
895 3425 1060 3491 bominum
1084 3425 1257 3490 doctorum

144 3523 290 3592 notitiam
314 3529 470 3613 vonerint,
501 3540 654 3594 accurata
678 3547 803 3614 nequeo
827 3527 978 3597 definire:
1008 3529 1072 3596 boo
1095 3539 1200 3594 tamen
1224 3535 1260 3590 nt

144 3631 274 3696 credam
297 3642 371 3696 anto
394 3630 498 3698 media
519 3633 587 3697 lere
608 3643 755 3716 tempora
774 3633 979 3716 pontificatus
994 3632 1120 3698 Nicolai
1140 3631 1259 3698 factmn

143 3754 209 3800 non
240 3755 316 3801 csse
346 3735 492 3802 adducor
530 3737 717 3803 testimonio
747 3737 885 3823 quodam
925 3736 1041 3824 Poggii
1071 3735 1258 3818 Florentini,

144 3841 199 3924 qui
221 3839 397 3906 Francisco
428 3839 576 3926 connino
599 3861 658 3926 per
680 3841 850 3927 epistolam
882 3861 899 3906 a
923 3841 1011 3906 Maio
1031 3840 1258 3926 sutorium.

143 3937 179 4005 Τ.
203 3940 244 4008 Χ.
274 3963 305 4026 p.
329 3943 393 4008 3l6
422 3942 559 4029 primum
583 3943 702 4008 editam
733 3944 814 4016 haec
835 3945 966 4011 scribit:
997 3943 1206 4028 „Novimime
1237 3963 1256 4006 a

144 4063 271 4108 summo
294 4047 446 4130 pontifice
470 4045 637 4130 (Nicolao)
661 4049 781 4114 missus
804 4051 918 4116 estad
942 4071 1000 4116 eos
1023 4049 1122 4114 libros
1142 4047 1255 4128 (Livii)

143 4150 398 4230 perscrutandos
420 4151 556 4221 Henoob
578 4153 764 4238 asculanus,
787 4157 841 4241 qui
863 4156 946 4220 adeo
969 4153 1106 4241 diligens
1128 4154 1198 4238 luit,
1221 4166 1256 4218 ut

144 4251 224 4316 nibil
254 4255 315 4320 iam
343 4255 474 4323 biennio
497 4258 656 4324 invenerit
678 4257 810 4345 dignum
840 4261 936 4328 ettam
965 4257 1088 4328 indocti
1118 4258 1255 4328 hominis
