3066 4998
732 403 982 480 ..34-

300 603 421 662 nominis
455 599 625 671 scripturum
657 597 776 662 duonut.
820 601 925 658 Restat
961 617 1077 658 monere
1107 571 1147 661 de
1178 601 1236 661 iooi
1268 601 1411 674 scripture
1515 611 1516 634 ³

300 707 432 780 quedam,
466 703 613 762 stirosio
635 703 731 776 elisis,
766 719 850 776 quoru
874 703 1005 776 quonism
1028 704 1084 762 viro
1107 705 1197 764 totius
1219 706 1410 763 adnotationis

298 829 354 870 non
377 813 463 885 pisos
484 808 615 884 dispicio,
638 807 732 879 ipsius
753 809 850 865 verilis
871 809 998 882 reddum,
1032 811 1128 867 verbis
1150 811 1349 868 ornandos.
1372 854 1379 867 .
1402 847 1409 860 ·

293 922 476 992 praedicant
494 913 684 984 adsoriptsor:
707 916 765 992 „in
787 915 879 970 Mes:
907 913 970 987 „Ut
989 915 1023 972 [ι.
1046 913 1152 972 Aeliam
1174 915 1287 972 Lucilii
1303 919 1411 972 satiras

292 1029 453 1100 familiaris
475 1027 534 1099 aui,
565 1037 644 1096 quas
665 1023 775 1092 leqiasn
796 1037 830 1077 se
859 1026 915 1077 eto.
936 1015 1149 1094 pr·aedicant.“
1192 1023 1275 1077 iisne
1304 1021 1411 1077 ieotio-

295 1131 340 1188 nis
362 1129 539 1198 varietatem,
569 1139 644 1196 qaue
663 1128 802 1195 'corrupto
825 1124 890 1180 looo
911 1125 1049 1182 medelam
1069 1127 1159 1200 utterl,
1183 1130 1288 1198 gratus
1309 1124 1410 1196 oooepi

296 1235 331 1292 sb
355 1231 500 1291 eruditiss.
523 1233 629 1302 ligger
652 1227 729 1289 eto.“
762 1230 796 1285 iu
820 1244 877 1300 qun
898 1243 998 1285 verum
1021 1245 1088 1285 esse
1115 1233 1215 1301 posset
1234 1229 1269 1286 1..
1293 1228 1410 1289 Aetius.

358 1331 499 1408 Saturus]
528 1337 573 1392 itn
596 1335 662 1392 Par.
693 1336 721 1389 et
750 1331 829 1388 tisri.
865 1331 962 1404 Vulgo
991 1335 1116 1410 satiras,
1144 1334 1177 1389 nt
1201 1334 1232 1389 Β.
1256 1333 1302 1388 vel
1325 1341 1410 1409 saty-

290 1459 355 1521 ras,
377 1445 410 1498 ut
429 1441 463 1501 P.
516 1451 522 1457 ·

358 1544 505 1602 familiaris
528 1540 588 1620 sni]
611 1545 679 1598 Vau
701 1540 821 1598 Heusde
835 1539 917 1596 Stud.
943 1555 983 1598 or.
1000 1539 1027 1595 in
1044 1539 1139 1600 Lnoii.
1160 1557 1187 1612 p.
1207 1539 1248 1596 46
1269 1545 1297 1596 et
1315 1541 1409 1613 Epist.

292 1651 329 1709 sd
345 1649 378 1707 C.
397 1651 429 1710 F.
444 1652 636 1705 iiermnnourn
661 1663 688 1717 p.
707 1644 746 1701 15
770 1643 895 1700 oonieoit
912 1642 1117 1713 familiaribus
1140 1647 1217 1720 ruis,
1239 1643 1266 1700 in
1289 1645 1408 1701 eundem

291 1753 463 1816 sententiam
487 1750 573 1807 etium
596 1748 757 1805 Ritsehelio
779 1747 798 1804 l.
821 1748 840 1807 l.
864 1763 892 1818 p.
915 1747 1015 1809 xvir.
1039 1764 1082 1819 sq.
1107 1747 1272 1808 inclinante.

357 1853 487 1928 legisse]
511 1855 544 1914 ii.
568 1855 693 1924 teptsset.

356 1953 523 2035 Pompeius]
545 1961 637 2014 Error
659 1962 704 2012 est
724 1951 857 2012 Lerscirii
878 1954 895 2015 Ι.
924 1953 943 2015 Ι.
967 1971 993 2027 p.
1022 1955 1061 2011 17
1079 1971 1129 2026 pro
1148 1955 1351 2034 Pomponius,
1376 1963 1408 2014 ut
1486 2039 1491 2046 .
1517 1949 1518 1966 *

291 2063 351 2136 legi
370 2063 419 2136 sit,
439 2063 610 2140 Pompeius,
631 2060 707 2132 quod
720 2059 783 2115 libri
797 2075 895 2116 omnes
908 2063 1016 2135 tenent,
1037 2059 1190 2132 legendnm
1210 2061 1407 2132 proponentis.

354 2162 503 2242 Lenaeus]
526 2163 558 2225 B.
581 2167 705 2225 taneos.
728 2165 790 2223 PR.
814 2167 843 2219 et
866 2164 948 2225 tisri.
971 2164 1102 2220 Lerisus.

355 2270 531 2346 praedicant.
555 2263 773 2344 instruxerunt]
798 2269 831 2325 Β.
857 2269 1042 2337 praedictam
1068 2271 1293 2328 instruxerant.
1334 2269 1406 2325 Ma·
1517 2257 1518 2264 ¹

290 2374 369 2431 lebat
391 2372 503 2429 Statius
522 2375 763 2444 praedicantur:
782 2373 964 2443 praedicant
983 2370 1067 2426 etiarn
1089 2371 1145 2429 rid.
1167 2371 1285 2432 MedioI.

357 2477 386 2537 3.
410 2473 645 2549 grammaticam]
668 2475 744 2534 Mss.
767 2473 842 2532 Auli.
867 2473 969 2549 Statii,
1000 2474 1064 2530 item
1089 2473 1161 2537 cort.
1184 2477 1273 2537 Voss.
1297 2480 1327 2532 et
1349 2476 1405 2536 iod.

291 2585 347 2640 vet.
368 2585 610 2651 yrummutrenm,
634 2583 666 2634 ut
690 2593 849 2650 reposuere
871 2577 961 2638 tirou.
985 2577 1128 2654 Piiisous,
1152 2579 1304 2636 damuante
1325 2582 1406 2637 Bur-

202 2697 207 2704 ’
292 2699 412 2740 rnnnno:
435 2680 502 2753 quin
524 2683 568 2736 sio
591 2683 713 2737 Musica
725 2685 754 2736 et
776 2681 833 2739 slis
847 2681 876 2738 in
890 2681 993 2752 plurali
1014 2689 1180 2741 ooourruut.
1215 2685 1274 2740 Sed
1292 2685 1406 2741 auctori

293 2785 453 2860 singularis
480 2783 591 2857 plsouit
622 2797 758 2840 numerus
788 2785 860 2856 Cup.
896 2785 922 2844 i.
953 2785 982 2844 3.
1013 2787 1063 2842 24.
1095 2787 1131 2842 de
1159 2787 1198 2848 iii.
1221 2787 1293 2848 rhet.
1317 2787 1351 2846 0.
1379 2789 1405 2849 i.

290 2891 465 2949 OVDEND.
490 2888 562 2946 oiim
584 2891 789 2960 yrammotr‘ea.
1218 2891 1220 2896 '

358 2990 404 3069 u]
436 2995 482 3049 ru
512 2993 591 3052 narr.
623 2994 681 3051 rs.
704 2990 736 3052 Β.
763 2999 793 3049 et
818 2993 889 3052 rar.
919 2996 947 3049 u
969 3009 1036 3050 nox
1053 2993 1146 3051 ‘ornem
1174 2975 1314 3052 noos'u
1336 2993 1404 3056 rora

291 3097 393 3169 Vulgo
416 3097 544 3173 Lucius,
575 3101 607 3151 ut
630 3096 767 3153 Trossius
791 3111 913 3170 quoque.
959 3097 1148 3170 Vulgabatur
1179 3099 1245 3156 oiim
1268 3104 1296 3156 et
1319 3101 1404 3156 Lae-

290 3203 350 3258 lius
363 3216 416 3284 pro
429 3200 464 3258 Ιι.
479 3198 595 3276 Aelius,
620 3213 657 3254 ex
679 3203 804 3272 utroque
827 3200 939 3257 nomine
953 3203 1116 3276 oontiaturn,
1140 3199 1216 3276 quod
1228 3219 1265 3259 ex
1277 3203 1403 3276 impres-

291 3303 332 3359 sis
355 3308 384 3359 et
405 3282 479 3362 Mss.
502 3302 557 3359 ism
580 3303 691 3360 Statius
714 3304 917 3377 corrigendum
940 3321 1008 3361 esse
1036 3305 1157 3367 viderat.
1186 3308 1263 3368 ven.
1289 3307 1403 3368 delius.

356 3403 542 3483 imnuvinus]
565 3408 611 3484 its
639 3421 703 3464 ourn
726 3408 846 3465 'l'rossio
877 3407 998 3480 scripsi,
1028 3407 1057 3464 id
1086 3409 1178 3480 ipsum
1208 3411 1284 3482 quod
1311 3427 1402 3482 prue-

290 3513 349 3565 stnt
380 3510 412 3567 ii.
444 3509 525 3570 linri.
554 3511 619 3569 Par.
652 3515 680 3566 et
711 3512 800 3568 Voss.
835 3513 1016 3588 denuda&
1054 3515 1129 3572 Ven.
1159 3515 1195 3571 Ιι.
1223 3513 1402 3575 mosomus.

233 3601 235 3611 ’
289 3613 475 3684 hortamus,
522 3613 598 3684 qnod
640 3614 757 3670 exhibet
798 3615 881 3692 Pu,
923 3632 1039 3689 quoque
1076 3617 1160 3696 ruodo
1201 3618 1257 3674 hoo
1298 3631 1401 3675 nomen

289 3715 396 3788 passion
436 3715 464 3771 in
499 3715 579 3772 libris
623 3717 742 3788 seriptis
778 3723 807 3774 et
846 3717 996 3791 impressis
1037 3725 1187 3798 exoratur,
1228 3722 1402 3780 auctoritate

288 3826 385 3896 ouret,
419 3820 648 3893 quandoquidem
679 3829 862 3881 monuments
882 3823 911 3880 in
933 3825 996 3896 ipso
1019 3839 1093 3898 sgro
1123 3825 1263 3884 Lsniviuo
1286 3833 1402 3899 reperta

288 3930 340 3981 sut
370 3925 397 3980 in
431 3925 601 3980 Lauretum
637 3926 837 4004 consentiunt,
881 3934 932 3986 sut
972 3932 1154 3988 Lanuuinus
1194 3937 1282 4004 utque
1315 3931 1399 3988 etinrn

288 4027 538 4103 Lanumrr'nnus,
571 4027 627 4084 iroo
650 4045 705 4085 ooo
735 4030 798 4088 sine
831 4027 925 4088 meridi
947 4034 1130 4112 suspicione,
1168 4035 1332 4096 ostendant.
1363 4035 1399 4099 V.

286 4132 373 4186 ileum
399 4131 435 4187 sd
464 4135 530 4189 tior.
555 4132 608 4192 od.
633 4133 686 4206 iil,
711 4134 761 4208 m,
785 4133 814 4210 3,
837 4137 986 4194 baudrino
1010 4144 1114 4210 poetae
1143 4139 1264 4203 reddere
1286 4155 1398 4196 nusum.

286 4237 367 4303 Quae
389 4235 509 4292 nominis
531 4239 622 4293 torius
645 4244 674 4294 et
696 4238 764 4295 nini
786 4256 851 4297 oum
874 4240 976 4297 Niobio
992 4241 1126 4316 Vioggio
1150 4241 1194 4298 nei
1217 4243 1347 4301 oonioroi
1370 4241 1398 4298 di
