3038 5032
699 361 926 444 ..3..

256 572 369 642 torum
404 561 452 640 de
485 566 630 659 utraque
663 565 739 636 arte
765 562 1002 638 commentarii
1027 559 1223 654 feruntur,
1260 583 1396 639 secun·

258 687 338 763 dum
365 709 464 786 quam
492 681 780 760 connsuetudinem
804 688 1022 785 posteriores
1041 705 1197 782 quoque
1215 686 1397 776 existimo,

259 833 457 909 quamquam
485 811 550 881 iam
571 803 734 880 discretis
755 803 1045 907 professionibus,
1070 801 1316 880 nihilominus
1337 802 1396 880 vel

258 933 445 1010 retinuisse
471 926 532 1004 vel
560 928 751 1003 instituisse
778 934 814 1004 et
840 930 938 1030 ipsos
965 926 1139 1027 quaedam
1165 951 1315 1029 genera
1341 931 1395 1002 iu·

258 1053 469 1127 stitutionnm
496 1045 540 1120 ad
569 1045 801 1144 eloquentiam
822 1049 1066 1152 apparandum,
1094 1055 1134 1124 ut
1152 1049 1397 1152 problemata,

257 1167 498 1274 paraphrasis,
539 1167 792 1262 allocutiones,
820 1167 1036 1268 ethologias,
1075 1178 1194 1269 atque
1223 1169 1299 1244 alia
1328 1169 1396 1244 hoc

258 1313 384 1394 genus,
412 1311 457 1365 ne
484 1289 621 1364 scilicet
646 1291 732 1364 sicci
760 1293 898 1366 omnino
925 1299 1030 1388 atque
1055 1291 1147 1366 aridi
1173 1296 1285 1394 pueri
1311 1289 1394 1366 rhe-

258 1414 391 1490 toribus
409 1413 647 1490 traderentur:
675 1435 765 1512 quae
787 1410 923 1512 quidem
941 1414 1048 1487 omitti
1070 1415 1138 1486 iam
1158 1411 1300 1506 video,
1327 1410 1394 1487 de·

259 1535 348 1610 sidia
374 1534 586 1635 quorundam
614 1541 650 1611 et
674 1535 831 1610 infantia:
867 1557 936 1610 nou
964 1536 1052 1609 errim
1075 1533 1233 1610 ,fastidio
1262 1543 1393 1636 putem.
1501 1555 1504 1606 ῑ

205 1674 237 1740 7.
258 1659 316 1734 hie
348 1655 484 1755 quidem
512 1653 780 1732 adolescentulo
808 1663 932 1755 reputo
959 1654 1151 1752 quendam,
1188 1658 1394 1757 Principem
1505 1701 1506 1704 κ

259 1782 409 1870 nomine,
445 1777 588 1852 alternis
620 1776 743 1853 diebus
769 1777 980 1872 declamare,
1013 1775 1161 1852 alternis
1191 1778 1392 1882 disputare,
1505 1827 1506 1854 1

259 1901 434 1978 normullis
461 1924 559 1976 mane
586 1923 676 1976 vero
703 1899 892 1994 disserere,
931 1907 1012 2004 post
1036 1899 1221 1976 meridiem
1251 1909 1391 1977 remoto
1505 1937 1506 1944 κ

207 2053 237 2119 g,
259 2025 391 2127 pulpito
418 2021 616 2100 declamare
653 2023 800 2099 solitum.
853 2022 1043 2098 Audiebam
1075 2025 1181 2097 etiam
1214 2023 1391 2099 vinemoriu

259 2155 393 2252 patrum
421 2153 615 2223 nrostrorum
636 2144 803 2244 quosdam
825 2146 1093 2243 egrammaticis
1114 2146 1236 2217 statim
1260 2165 1283 2218 e
1305 2138 1390 2215 ludo

260 2272 430 2345 transisse
454 2271 487 2343 in
517 2267 639 2361 forum,
665 2276 772 2366 atque
798 2269 833 2340 in
860 2289 1033 2341 numerum
1053 2267 1388 2366 praestantissimo·
1504 2307 1507 2358 ,r

209 2421 239 2484 9.
261 2415 334 2466 rum
374 2397 596 2492 patronorum
630 2396 807 2491 receptos.
861 2379 951 2465 Glari
984 2386 1232 2488 professores,
1267 2393 1308 2461 et
1342 2381 1387 2456 dc
1499 2425 1507 2450 -.

261 2511 385 2611 quibus
416 2509 516 2612 prodi
544 2513 656 2611 possit
682 2509 810 2608 aliquid
837 2508 1014 2586 dumtaxat
1038 2533 1060 2582 a
1085 2507 1208 2601 nobis,
1246 2507 1327 2582 fere
1355 2499 1388 2578 hi

186 2699 190 2708 .
260 2631 411 2710 suerunt.

211 2775 242 2842 1.
341 2757 382 2832 V.
418 2747 609 2833 Saenius
643 2731 1000 2856 Nicanor‘primus
1028 2751 1072 2827 ad
1098 2751 1225 2827 famam
1255 2751 1387 2851 digna·

263 2882 461 2976 tionemqne
495 2871 659 2951 docendo
692 2877 874 2977 pervenitz
908 2873 1062 2973 iecitque
1079 2881 1242 2976 praeter
1283 2895 1384 2948 com-
1498 2923 1508 2968 2,

264 3002 461 3091 amentarius,
489 3021 631 3096 qnorum
657 3003 770 3074 tamen
797 3021 878 3102 pars
905 2999 1050 3072 maxima
1066 2998 1264 3098 intercepta
1292 2995 1383 3070 dici·
1496 3040 1508 3066 r,

262 3131 335 3217 tur,
368 3121 525 3200 Saturam
552 3141 708 3218 quoque:
735 3123 768 3194 iu
798 3143 865 3217 qna
891 3119 1083 3195 libertinum
1111 3138 1152 3192 se
1176 3139 1223 3193 ac
1252 3115 1384 3220 duplici
1501 3174 1508 3216 „

263 3247 473 3342 cognomine
499 3263 593 3335 esse,
619 3265 684 3344 per
710 3241 799 3318 haec
824 3239 973 3318 indicat:
1295 3228 1298 3240 ’

366 3365 516 3443 Saenius
542 3367 695 3441 Nicanor
719 3365 827 3439 Marci
852 3363 998 3440 libertus
1024 3360 1184 3460 negabit:

367 3487 520 3566 Saenius
545 3490 740 3562 Postumius
765 3485 858 3560 idem
883 3509 927 3562 ac
952 3486 1091 3562 Marcus
1117 3483 1272 3562 docebit.
1378 3474 1382 3481 ’

211 3641 241 3710 2,
264 3613 351 3691 Sunt
383 3613 440 3708 qui
476 3605 631 3701 tradant,
657 3608 702 3683 ub
728 3605 896 3680 infamiam
922 3604 1090 3706 quandam
1127 3630 1204 3682 eum
1231 3609 1267 3679 in
1296 3603 1381 3682 Sar·

262 3731 388 3810 diniam
415 3732 626 3824 secessisse,
653 3729 768 3831 ibique
795 3727 885 3804 diem
912 3727 1042 3804 obisse.
1501 3789 1508 3832 ἢ

212 3899 242 3967 1.
339 3855 392 3932 vl.
424 3852 639 3930 Aurelius
666 3853 861 3958 Opilius,
883 3853 1045 3956 Epicurei
1066 3846 1245 3927 cuiusdam
1269 3845 1378 3922 liber·
1494 3894 1504 3945 ,

260 3983 329 4066 tos,
364 3973 615 4078 philosophiam
642 3977 763 4076 primo,
789 3972 918 4052 deinde
945 3965 1163 4064 rhetoricam,
1190 3971 1379 4049 novissime
1496 3999 1508 4083 p

211 4113 241 4178 2.
262 4101 515 4196 grammaticam
542 4095 672 4173 docuit.
724 4098 873 4172 Dimissa
904 4103 1018 4170 antem
1045 4093 1185 4186 schola,
1218 4089 1378 4168 Rutilium
1493 4145 1508 4190 „

259 4213 386 4294 Rufum
418 4217 611 4294 damnatum
641 4221 676 4294 iu
701 4217 819 4294 Asiam
854 4223 1018 4309 secutus,
1051 4213 1178 4292 ibidem
1212 4213 1378 4316 Smyrnae
1493 4262 1508 4322 ,¹
