3038 5032
547 395 838 472 *ΧΨ-.-

128 560 238 644 cedit,
272 556 481 633 mnoordtan
504 557 702 642 observarit:
739 562 780 630 de
809 581 874 648 qua
899 562 1064 650 plantus,
1080 585 1246 654 exponere
1283 593 1286 602 =
1326 561 1330 574 '

130 668 196 732 iarn
219 662 264 730 nil
284 681 380 747 opus.
426 659 517 744 Quae
540 683 578 732 ea
601 661 642 730 de
663 686 700 730 re
723 664 819 733 allata
840 677 933 748 sunt,
957 667 1091 735 firmabo
1113 673 1246 757 insuper

131 763 422 835 eiuscoo'oordia'e
446 765 599 855 mirabilis
621 768 772 852 exemplo
794 788 882 850 uno,
904 768 992 860 quod
1015 771 1047 837 in
1069 774 1246 850 omissione

132 874 309 940 uerborum
331 869 551 939 Tritannum
574 872 776 942 omnino-tibi
796 870 851 940 Gr.
874 894 903 940 e.
923 860 965 940 14
988 885 1124 944 constat.
1164 875 1246 944 Turn

133 978 283 1045 codicum
315 975 398 1040 haee
424 985 476 1040 est
504 975 665 1060 conditio,
701 989 736 1046 ut
760 979 904 1064 ¹quisque
927 999 969 1044 ex
990 979 1167 1066 archetypo
1191 982 1247 1048 de·

124 1083 275 1181 ppriptus
298 1098 374 1162 esse
396 1077 553 1145 videatur.
589 1077 672 1148 Nam
696 1079 785 1166 quod
806 1079 924 1165 aliquis
946 1083 1107 1169 opinetur,
1129 1085 1158 1153 si
1182 1101 1246 1155 non

133 1206 247 1278 omnes
280 1182 432 1268 codices,
463 1204 563 1256 uuum
592 1197 681 1252 certe
709 1197 765 1251 aut
794 1185 930 1252 alterum
960 1207 1002 1251 ex
1031 1185 1247 1277 Perizcuiano

132 1283 323 1380 apographo
353 1289 482 1354 ductum
513 1309 606 1374 esse,
636 1289 669 1356 id
697 1300 821 1366 tantum
851 1289 944 1363 abest
975 1303 1010 1358 ut
1041 1293 1248 1378 comprobari

133 1395 252 1480 possit,
275 1404 309 1456 ut
335 1393 530 1460 contrarium
560 1413 601 1457 ex
619 1392 769 1478 diligenti
792 1393 889 1458 nnius
918 1395 1077 1480 cuiusque
1100 1397 1248 1462 examine

132 1498 372 1588 colligaturf).
418 1497 534 1584 Neque
564 1518 680 1571 rursus
709 1497 842 1583 probari
870 1507 994 1582 potest,
1017 1497 1105 1582 quod
1127 1500 1247 1569 facturn

133 1625 215 1691 esse
233 1621 393 1688 nonnemo
416 1599 600 1686 crediderit,
624 1621 769 1669 meorum
792 1600 946 1666 librorum
964 1620 1063 1666 unum
1087 1603 1248 1673 exaltem

135 1707 333 1790 descriptum
356 1726 455 1780 esse:
479 1704 567 1792 quod
583 1713 741 1790 quatenus
756 1724 869 1768 verum
884 1705 937 1788 sit,
960 1705 992 1770 in
1015 1703 1145 1792 singulo
1167 1697 1249 1792 qun·

135 1833 199 1898 que
222 1809 336 1877 codiee
363 1809 563 1881 constituere
586 1806 703 1874 studui.
748 1806 851 1875 Mirus
873 1818 991 1890 tamen,
1018 1821 1052 1877 ut
1075 1809 1151 1875 nihii
1175 1811 1250 1876 reti·

134 1937 245 2004 ccam,
274 1930 454 1980 consensus
484 1912 515 1974 in
546 1903 684 2008 lectiope
712 1931 729 1973 a
758 1909 793 1974 P.
821 1911 1027 1995 discrepante
1057 1913 1249 1983 comodo

135 2029 255 2096 notata.
276 2016 330 2084 Ad
343 2015 534 2090 sententiam
551 2033 569 2078 a
583 2032 634 2080 me
647 2014 846 2098 propositam
863 2013 1050 2080 firmandam
1063 2015 1147 2080 adde
1161 2013 1248 2101 quod
1307 2032 1314 2036 ·

135 2123 272 2211 eandem
301 2121 458 2184 rationem
487 2137 562 2182 esse
586 2115 734 2186 codicum
759 2115 953 2184 Germaniae
984 2118 1083 2200 (adde
1105 2115 1249 2204 Diaicgi)

135 2226 348 2323 superstitum
376 2220 517 2291 ostendit
544 2197 791 2321 Massmannns,
817 2241 955 2306 quorum
975 2227 1169 2306 scriptorum
1189 2220 1250 2288 Ta·

135 2332 307 2406 citinorum
337 2323 485 2408 exempla
515 2343 580 2387 non
602 2333 677 2396 ante
711 2345 739 2396 a.
765 2323 866 2406 1460,
898 2327 1016 2410 paucis
1052 2336 1128 2410 post
1158 2325 1249 2393 annis

136 2455 231 2524 quam
254 2431 465 2516 archetypum
489 2447 547 2512 per
567 2425 755 2498 Henochum
778 2426 865 2493 Italis
888 2429 1081 2512 innotuerat,
1105 2428 1251 2500 eiusdem

135 2535 348 2622 Massmanni,
372 2551 468 2621 quem
492 2529 566 2594 vide
589 2550 620 2614 p.
638 2531 666 2592 1.
683 2531 752 2604 170Ι
764 2553 813 2618 sq.
837 2531 916 2615 176,
941 2534 981 2598 de
998 2533 1156 2598 sententia
1175 2551 1252 2614 oon·

137 2643 222 2710 fecta
245 2649 331 2720 sunt,
354 2633 450 2704 simul
471 2656 502 2722 p.
520 2635 582 2706 194
597 2633 756 2719 docentis
780 2635 841 2701 hos
859 2634 962 2702 Taciti
986 2635 1117 2705 codices
1140 2634 1253 2717 editio·

136 2763 261 2830 pesque
289 2739 453 2826 principes
482 2756 612 2826 sonex
642 2738 847 2825 apographo,
883 2739 971 2824 quod
994 2737 1145 2804 Iovianus
1168 2737 1253 2803 Pon·

135 2861 244 2928 tanus,
266 2842 534 2926 conscripsisset,
569 2841 627 2905 sed
665 2863 707 2906 ex
740 2845 843 2910 veteri
876 2843 932 2908 illo
966 2842 1142 2926 exemplari
1178 2861 1253 2925 pro·

136 2951 281 3022 fluxisse.
316 2948 427 3032 itaque
450 2965 514 3012 uno
537 2945 717 3032 eodemque
741 2947 806 3010 fato
831 2949 914 3010 inter
937 2967 974 3012 se
1003 2946 1102 3010 vincti
1123 2955 1198 3010 sunt
1222 2956 1255 3013 et

136 3055 286 3128 Suetonii
314 3052 387 3127 iibri
410 3050 450 3114 de
472 3071 605 3138 gramm.
629 3061 662 3120 et
690 3050 771 3124 rhet.
796 3061 829 3114 et
857 3049 961 3116 Taciti
985 3048 1156 3128 Germania
1180 3069 1253 3118 cunt

137 3157 290 3246 Diaiogo‚
320 3157 447 3242 quippe
469 3173 534 3244 nno
563 3153 677 3230 codice
707 3156 841 3236 servati,
871 3152 1057 3238 multiplicis
1081 3152 1255 3238 prosapias

136 3273 291 3349 auctoru:
323 3278 388 3350 quo
416 3257 511 3329 simul
539 3258 718 3344 explicatur
749 3261 804 3342 qni
827 3257 1030 3340 factumst,
1061 3268 1096 3321 ut
1119 3255 1178 3320 tria
1202 3252 1255 3338 tttp

190 3519 408 3587 *pvocuntenti
430 3520 495 3575 loco
518 3534 600 3575 unum
620 3527 701 3592 caput
718 3525 736 3575 7
755 3520 790 3576 dc
806 3519 928 3580 (drumm.
955 3513 1051 3588 affero,
1073 3521 1122 3578 ubi
1139 3521 1254 3584 turmo,

245 3610 293 3682 qni
310 3617 387 3664 reete
405 3624 479 3665 nuuc
495 3607 779 3682 Bianprii'exhibent,
798 3606 908 3676 Dionea,
927 3609 1000 3682 quod
1019 3608 1048 3666 P.
1068 3608 1160 3676 habet,
1182 3609 1256 3664 huno

206 3757 209 3764 Ι
246 3689 280 3754 εἷ’
290 3695 516 3768 descripsissem,
545 3711 647 3751 senune
665 3695 856 3766 transcripturi
878 3694 1005 3750 fuissent.
1040 3693 1137 3768 Neque
1156 3711 1255 3753 nomeu

230 3781 370 3850 ,Attet‘us‘
385 3782 499 3848 ibidem,
518 3783 614 3836 sitam
635 3779 778 3848 distincte,
804 3789 833 3836 ut
851 3797 924 3836 nuuc
941 3780 1045 3845 fertur,
1076 3781 1104 3835 P.
1123 3782 1254 3854 scriptum

246 3867 404 3934 obtulisset,
427 3869 455 3922 in
478 3867 541 3922 Par.
568 3878 596 3924 et
623 3865 697 3930 Harl.
729 3865 758 3920 in
784 3865 929 3921 absurdam
959 3867 1119 3928 lectionem!
1135 3861 1256 3923 Athenis

246 3954 464 4010 transformatum
491 3961 574 4011 esset.
610 3953 691 4007 Addo
718 3951 883 4024 singularem
907 3953 1120 4025 discrepantiam
1139 3967 1162 4004 c.
1182 3953 1213 4008 9,·
1228 3948 1256 4006 iti

247 4055 274 4094 v.
299 4042 447 4097 occasune
469 4057 484 4095 a
510 4041 574 4096 scio
589 4039 620 4093 P.
645 4031 863 4112 suppetiarum,
895 4041 977 4095 onim
993 4039 1057 4094 ineo
1084 4039 1171 4094 ceteri
1192 4035 1257 4094 iibri

247 4131 340 4188 cuncti
366 4143 502 4214 spamam:
549 4126 624 4182 idem
648 4141 812 4192 comesus,
838 4125 936 4180 eadem
962 4125 1146 4195 discrepantia
1171 4141 1196 4182 c.
1225 4128 1257 4180 tu

244 4233 273 4273 s.
291 4213 443 4276 calamit..
