3054 5000
695 365 957 440 ...56-

268 563 364 618 monet
387 559 518 618 (iudend.
548 559 708 654 Vuigntnnr
729 565 849 620 formem
870 559 1006 632 loquendi
1027 559 1102 619 eoite
1127 559 1256 620 defendit
1275 561 1394 622 Ruhn-

268 665 372 724 keoios
394 665 432 723 nd
454 665 600 752 Velieium
624 667 653 742 2,
679 666 962 727 112.wour1v8.
1001 665 1081 723 Libri
1104 667 1240 725 Ernestio
1255 683 1393 726 eorume-

268 769 372 830 moreti
393 768 477 826 iidem
499 785 567 826 esse
588 769 738 846 videntur,
762 785 835 843 ques
858 773 941 828 ederi
963 770 1110 844 (indeed,
1139 773 1199 830 Ms.
1223 772 1339 830 Peterii
1362 777 1395 829 et

195 917 199 930 .
269 875 344 934 coll.
367 875 458 932 Voss.
487 875 592 946 quibus
622 890 700 933 nuno
728 875 841 934 eooedit
872 878 936 934 Por.
960 891 1024 934 oum
1050 877 1130 934 Heri.
1163 877 1226 948 liri!
1246 881 1276 933 ei
1297 877 1394 936 exhi-

267 980 370 1054 bente,
402 979 455 1036 sed
487 978 582 1052 signis
613 977 731 1056 additis,
766 978 871 1052 quibus
902 982 931 1037 ee·
956 983 1024 1038 eote
1048 979 1115 1050 stoi!
1144 979 1243 1053 reponi
1278 981 1394 1040 debere
1498 973 1499 998 ¹

269 1082 462 1156 significetur.

335 1184 460 1261 quidem]
485 1189 519 1247 Β.
540 1189 673 1261 quidem.

335 1291 554 1368 Praetextatus]
585 1293 664 1350 Vidit
692 1292 748 1350 inm
778 1292 971 1351 Ceseubouue
1001 1309 1069 1350 esse
1098 1293 1187 1352 Atinii
1210 1308 1392 1368 cognomen.

269 1397 303 1452 ln
333 1394 468 1454 odieotivi
496 1399 616 1456 formem
646 1395 775 1454 eximuit
804 1399 838 1456 P.
877 1399 960 1455 Unus
983 1397 1199 1454 Praetermitto
1229 1403 1318 1463 notus
1342 1402 1392 1455 est

270 1512 309 1557 ex
331 1502 405 1560 Geli.
430 1504 455 1577 1,
479 1503 520 1560 23
543 1506 573 1560 et
594 1503 727 1562 Moereb.
750 1503 812 1560 Sat.
835 1501 860 1577 1,
889 1499 919 1560 6.
957 1499 1025 1556 Alie
1047 1502 1179 1572 exemplu
1201 1501 1288 1572 pluro
1309 1517 1393 1574 sup-

270 1603 408 1676 peditabit
431 1606 583 1667 Gruterus

226 1771 229 1780 ¹
336 1707 570 1783 deeinmontrum]
594 1711 627 1766 Β
650 1707 897 1768 declamantibus.

336 1810 463 1886 auditor]
488 1812 589 1885 Vulgo
612 1815 738 1870 adiutor.
768 1812 851 1880 Quod
873 1809 1055 1888 reposuimus
1077 1827 1114 1868 ex
1136 1803 1170 1870 P.
1193 1809 1249 1866 iem
1271 1827 1289 1866 n
1311 1813 1392 1868 Ste-

271 1914 311 1971 tio
341 1912 531 1974 uenientendo
556 1917 719 2006 inventum,
755 1917 870 1973 firment
898 1915 977 1974 Heri.
1008 1916 1042 1974 Β.
1065 1921 1095 1972 et
1122 1916 1285 1975 Peneum
1309 1915 1392 1974 Veo.

270 2019 408 2094 luteiiige
430 2020 606 2096 auditorem,
638 2019 687 2092 qui
711 2018 930 2082 deeiomnntium
961 2017 1216 2077 exeruitetionibus
1244 2033 1303 2075 non
1327 2023 1389 2075 tent

271 2123 406 2181 audiendi
426 2141 510 2197 quoru
533 2125 665 2182 monendi
688 2138 795 2183 ouussu
819 2124 924 2185 edest.
984 2167 988 2176 .

336 2228 521 2306 rrrneeeptor]
545 2232 619 2288 Ven.
640 2229 807 2304 profiteor.

337 2332 489 2408 summum]
514 2335 572 2394 ΡΒ.
595 2329 693 2395 suoru.
1234 2369 1240 2380 ·

339 2438 367 2497 Β.
391 2439 520 2496 Laelium
546 2436 692 2513 liermem]
715 2437 818 2510 Vulgo
840 2435 979 2494 Laelium
1000 2434 1156 2513 Hermum,
1189 2441 1223 2493 ut
1244 2438 1276 2494 P.
1301 2440 1330 2492 et
1355 2441 1392 2496 Β.

273 2541 420 2598 Woidus:
443 2541 543 2617 „Mole
565 2541 682 2600 liroest.
705 2545 839 2598 servarat
860 2541 991 2603 Durium
1004 2541 1078 2600 ide
1100 2538 1265 2596 Cuseuboni
1281 2545 1392 2607 errato.

273 2643 413 2702 Laelium
436 2659 500 2700 eum
523 2644 642 2717 reliquis
665 2646 740 2702 Mss.
764 2645 854 2703 Poris.
887 2643 1031 2721 [betium]
1061 2642 1208 2719 praebuit,
1239 2642 1392 2700 sedidem

273 2748 367 2810 omisit
389 2743 570 2811 Hermoot.“
610 2749 690 2806 Idem
713 2751 819 2806 Hermu
851 2748 916 2806 sive
938 2749 1060 2805 Hermos
1083 2747 1169 2820 unulo
1203 2747 1281 2806 inire
1317 2763 1392 2804 rur.-

240 2846 245 2858 ’
274 2876 326 2918 sus
350 2858 603 2929 commemoretur,
638 2871 656 2911 s
686 2867 743 2926 quo
776 2852 1003 2932 distinguendus
1037 2853 1115 2909 ulter
1143 2851 1210 2927 ilie,
1243 2851 1292 2925 qui
1321 2865 1392 2909 mox

275 2962 435 3035 Gniphoois
463 2961 555 3020 troisse
578 2959 700 3036 dieitur,
735 2959 771 3016 de
793 2974 936 3030 quosue
961 2958 1031 3016 ioue
1062 2957 1232 3016 disseretur.
1278 2947 1392 3016 ilornm

273 3082 377 3126 nomen
401 3081 467 3123 nuru
488 3063 606 3137 proprie
629 3049 843 3135 Hermoqoroe'
857 3060 954 3136 inerit,
977 3061 1054 3134 quod
1069 3061 1184 3133 quidem
1201 3059 1390 3133 oontendnot‚

274 3173 351 3248 quod
371 3163 562 3252 Ἑρμαγόρας
577 3167 661 3241 epod
683 3170 814 3248 Graecos
837 3166 866 3222 in
884 3156 1000 3246 Ἑρμᾶς
1029 3164 1175 3222 deourteri
1203 3163 1390 3238 solitum-sit,

273 3278 303 3335 id
324 3276 354 3333 in
376 3276 469 3334 medio
491 3273 720 3349 relinquendum,
751 3287 838 3347 quum
860 3271 897 3328 de
918 3275 1031 3328 neutro.
1044 3269 1157 3326 homine
1178 3268 1296 3326 oliunde
1317 3267 1391 3326 eerti

273 3379 427 3455 quicquum
450 3382 580 3451 eoostet3
604 3394 668 3436 uem
691 3378 727 3436 de
749 3377 864 3435 rhetore
886 3375 1001 3433 Rhodio
1031 3374 1110 3430 houd
1131 3372 1227 3446 magis
1250 3371 1391 3445 negiten-

273 3482 350 3558 dum,
373 3499 458 3556 quem
481 3483 517 3538 de
539 3483 630 3539 nltero
654 3477 829 3554 temporibus
850 3479 983 3553 Augusti
1012 3477 1177 3550 'Piberiique
1199 3477 1288 3549 elero,
1311 3491 1390 3548 quo-

273 3604 336 3647 rum
359 3589 472 3644 oetotes
493 3586 568 3642 bene
590 3601 682 3657 nuper
705 3583 835 3642 distinxit
856 3581 1012 3640 Pideritue·
1024 3582 1133 3642 comm.
1150 3580 1188 3638 de
1206 3583 1391 3652 Hermagora

272 3695 405 3767 rhetore,
435 3687 619 3749 Bereieldiee
644 3687 736 3747 1839.
772 3689 875 3760 Neque
905 3684 1017 3743 omnino
1045 3685 1175 3743 homines
1209 3684 1390 3742 sSuetouio

156 3815 157 3824 ¹
275 3799 529 3870 oornmemorntos,
559 3787 586 3852 si
613 3809 716 3852 revere
749 3793 959 3865 Hermroyoroe
986 3805 1088 3848 nomen
1115 3789 1294 3862 habuerunt,
1330 3787 1389 3846 elio

273 3903 322 3960 irio
343 3899 483 3975 sppeiieri
505 3898 637 3972 potuisse
660 3897 801 3956 existimo.
836 3899 946 3955 Horum
967 3896 1094 3954 virorum
1117 3893 1281 3952 memoriam
1303 3891 1390 3950 uniee

166 4051 170 4070 ‚
273 4007 423 4075 noeentum
444 4001 597 4062 referimus
620 3999 752 4060 Suetonii
779 3999 975 4074 dilingeotiee.
1015 3991 1053 4056 'Si
1075 4004 1171 4056 eutem
1192 4001 1229 4056 Β.
1253 3997 1390 4056 drusium

273 4107 420 4184 eudimus,
450 4107 486 4166 de
518 4105 632 4166 nomine
666 4109 792 4166 Hermae
825 4105 938 4165 omnino
982 4107 1078 4162 uotum
1118 4109 1171 4161 est.
1229 4104 1284 4161 iiie
1314 4103 1389 4160 enim

272 4212 362 4287 libro,
399 4212 445 4284 qui
480 4211 646 4271 inscribitur
683 4205 842 4272 Mimoires
876 4223 928 4266 eur
962 4207 992 4265 le
1023 4201 1204 4282 thtorique
1237 4208 1310 4265 oden
1344 4209 1389 4266 les
1498 4261 1499 4266 ,
