3054 5000
541 387 801 462 ...43-

176 587 207 640 et
228 576 328 664 illum]
351 582 464 642 Statius
486 599 523 642 ax
554 588 612 644 vet.
635 581 714 657 impr.
737 587 819 644 affert
840 603 881 644 ae
907 589 993 646 tttaam
1011 589 1227 663 legentiumque

114 687 249 760 proponit
270 695 307 745 u!
326 689 420 748 illum,

175 790 258 848 illum
281 791 396 862 quidem
418 783 566 871 absolute]
590 794 657 849 Par·
679 793 764 850 illum
785 795 874 852 utum
887 795 1142 869 quiuemputdom
1160 797 1224 856 aba.

112 895 187 951 talea
210 893 418 970 dittographia,
440 898 473 951 ut
493 898 575 967 patet
596 912 633 952 ex
655 897 735 953 llari.
759 900 872 954 terente
893 900 982 954 istum
1000 899 1085 958 illatm
1103 901 1228 973 puidam

111 998 174 1058 ata.
218 999 258 1056 Ut
286 1001 410 1071 quidum
431 1000 570 1075 serretur,
603 998 787 1057 scribendum
809 1004 889 1058 esset
924 1003 1112 1076 rotationem,
1141 1001 1253 1082 euius„

110 1100 277 1172 scripturae
299 1100 431 1158 inlibris
453 1102 561 1160 nullum
583 1105 629 1158 est
652 1101 818 1175 vestigium.

175 1221 206 1281 5.
231 1217 375 1299 Namque]
397 1222 444 1280 lta
457 1223 518 1284 ΡΒ.
537 1227 567 1280 et
585 1225 635 1297 n,
657 1222 704 1280 hio
726 1239 941 1302 veronamque,
964 1239 1023 1296 qua
1032 1225 1069 1284 (le
1081 1225 1227 1298 scriptura

111 1342 137 1384 r.
161 1321 203 1384 ad
225 1325 289 1385 cie.
318 1325 391 1398 ltep.
422 1341 449 1396 p.
476 1326 546 1386 142.
584 1326 686 1398 Vulgo
714 1341 796 1403 nora,
827 1331 860 1384 ut
889 1328 970 1389 Harl.
993 1330 1058 1390 i'ar.
1086 1334 1117 1385 et
1149 1332 1226 1394 ven.

110 1427 137 1484 iul
159 1429 239 1501 quod
262 1427 351 1486 edidit
373 1428 521 1490 Tromiua.
565 1430 610 1486 lte
631 1429 766 1488 restituto
787 1445 920 1504 notaque
942 1434 981 1492 ut.
1004 1446 1031 1493 o.
1054 1432 1084 1504 9,
1107 1432 1139 1494 3.

174 1527 256 1608 oum]
279 1531 326 1590 lta
347 1533 427 1590 llarl.
449 1534 483 1594 P.
506 1539 536 1590 ot.
557 1535 623 1593 Par.
659 1533 719 1618 alii
739 1548 844 1608 quom.
868 1535 943 1592 ven.
966 1549 1065 1609 parom

174 1631 275 1712 quem]
299 1638 372 1698 ven.
395 1651 586 1711 pompam,

173 1732 275 1819 titulo]
300 1742 330 1800 P.
354 1742 443 1803 Voss.
466 1743 533 1801 Par.
562 1741 597 1800 ll.
620 1745 650 1797 et
673 1741 755 1799 llari.
778 1756 843 1797 oum
867 1744 942 1802 Ven.
964 1744 1081 1821 unetos,
1106 1748 1224 1815 patente

109 1844 218 1902 erroris
240 1843 362 1915 origine.
407 1842 614 1916 Expressimus
635 1842 796 1917 vulgatam.

171 1943 347 2024 perfeetum]
371 1946 537 2024 mosius,
560 1947 666 2022 ignoro
688 1949 773 2024 unde,
793 1952 997 2023 pertimerent

173 2051 278 2126 literis,
302 2050 355 2107 aed
376 2039 629 2131 imbutumJVen.
652 2056 710 2110 red
731 2054 835 2112 litteris
857 2057 1023 2116 intonante

173 2175 205 2233 6.
229 2177 259 2258 et
281 2165 469 2252 rhetoricam]
493 2172 633 2245 copulam
656 2174 790 2232 omittant
813 2177 844 2234 Ρ.
869 2181 897 2233 et
920 2179 953 2239 B.

173 2291 244 2372 iam]
269 2296 333 2354 Par.
357 2298 386 2350 et
410 2293 489 2355 llari.
510 2301 577 2354 tom.
602 2297 677 2356 Ven.
700 2277 760 2353 ium
783 2303 849 2358 ram.

172 2407 372 2494 nihilominus]
409 2416 474 2475 Par.
500 2419 530 2471 et
553 2415 632 2477 llari.
655 2418 851 2498 multominus,
884 2422 913 2475 et
936 2434 1000 2476 mox
1024 2421 1107 2492 ipsis.
1145 2420 1222 2478 Ven.

107 2526 210 2581 nunna
233 2537 285 2594 pro
308 2523 510 2580 mlulominua.

170 2638 382 2725 apparandum]
406 2644 508 2718 Vulgo
532 2659 598 2702 eum
620 2645 702 2703 Harl.
725 2647 801 2734 Pan
815 2647 849 2704 B.
878 2649 907 2702 et
929 2647 1003 2706 Veu.
1029 2663 1224 2722 praeparan-

106 2757 188 2829 dam,
214 2748 298 2806 euius
320 2749 386 2805 loeo
411 2746 565 2806 Ernestius
590 2752 619 2804 et
642 2749 772 2810 (ludenti.
797 2749 941 2807 malebant
966 2754 1224 2824 praeparantium.

171 2863 377 2951 paraphrasis]
403 2874 467 2932 l‘ar.
489 2875 518 2928 et
539 2870 620 2930 llarl.
641 2873 838 2948 peripluoeia
883 2871 985 2945 Vulgo
1008 2873 1224 2945 paraatuam.

104 2979 217 3038 uadem
251 2975 412 3034 aoonsativi
444 2981 537 3036 tonna
559 2989 649 3047 supra
673 2991 700 3038 o.
724 2978 753 3036 Ρ.
783 2977 812 3032 in
842 2981 990 3038 arroasia.
1026 2979 1101 3035 Ven.
1130 2993 1225 3050 petu-

102 3086 240 3158 puram.
272 3082 438 3140 Tenendum
462 3087 508 3140 est
533 3086 594 3139 toto
615 3081 673 3140 hoo
693 3081 758 3139 looo
781 3082 833 3155 agi
854 3084 891 3157 de
904 3081 1081 3142 institutione
1101 3082 1225 3144 rhetoris

19 3245 23 3262 ,
106 3205 157 3261 per
182 3185 412 3262 gnmmatioam,
432 3186 481 3244 oui
503 3185 616 3258 etipse
638 3185 831 3254 Quintilianus
861 3203 897 3243 ea
917 3187 1142 3244 rudimentorum
1164 3202 1224 3260 ge-

107 3309 180 3351 nera
209 3289 362 3363 relinquit3
393 3290 443 3364 qui
465 3289 514 3347 uti
544 3289 580 3346 de
602 3289 699 3349 oilleio
721 3291 905 3364 grammatici
929 3291 1008 3366 agit,
1043 3291 1075 3363 1,
1108 3289 1139 3348 9.
1163 3305 1225 3363 με

107 3399 164 3471 „lit
188 3394 289 3454 linitae
311 3393 425 3468 quidem
447 3399 516 3452 sunt
538 3399 637 3466 partes
660 3395 750 3469 dnae,
776 3411 850 3466 quas
872 3396 946 3452 laneo
968 3394 1114 3468 professio
1137 3395 1225 3468 palli·

107 3507 210 3574 uetur,
241 3498 269 3554 id
299 3502 346 3558 est
366 3497 441 3557 ratio
473 3499 609 3572 loquendi
632 3504 661 3556 et
689 3499 834 3557 enarratio
863 3505 1097 3563 suetorum...
1136 3501 1224 3560 arii-

87 3603 219 3666 ,oiamus
256 3605 352 3661 tainan
383 3618 481 3660 eorum
513 3617 603 3660 ourae
626 3605 766 3675 quaedam
788 3604 902 3662 (liuenti
924 3605 1085 3684 primordia,
1117 3607 1224 3679 quibus

106 3711 236 3768 mnrium
270 3707 414 3764 rhetorem
437 3706 585 3782 eapientea
608 3707 767 3769 instituant.
821 3709 919 3783 Igitur
947 3711 1057 3783 Aesopi
1084 3711 1224 3780 tabellas,

108 3831 185 3888 puae
212 3812 321 3870 fabulis
345 3811 554 3872 nutrionlarum
581 3814 711 3886 proxime
738 3816 917 3911 suooetlnnt,
951 3831 1069 3872 narrare
1091 3819 1224 3871 sermone

109 3931 201 3990 puro,
239 3919 270 3972 et
302 3913 369 3972 nihil
405 3929 439 3972 se
474 3930 563 3987 supra
600 3914 714 3972 modun
751 3917 927 3992 extollente,
960 3914 1064 3971 deinde
1096 3913 1225 3980 eamdem

108 4018 305 4093 gneilitatem
344 4018 411 4076 stilo
446 4017 567 4093 exigere
605 4020 791 4078 eondisoaat=
832 4035 937 4078 versus
969 4019 1059 4090 primo
1097 4017 1224 4094 solvan,

109 4141 174 4182 nox
204 4123 325 4182 mutatis
357 4121 453 4180 verbis
478 4122 682 4196 ¹interpretari:
714 4128 772 4182 tum
796 4121 966 4195 paraphrasi
988 4119 1129 4180 audaoi'us
1152 4138 1224 4182 ver·

109 4235 179 4304 tere,
202 4243 263 4302 qua
294 4232 322 4285 et
344 4225 477 4286 breviaro
500 4228 640 4302 uaedam
662 4233 693 4288 ot
714 4241 877 4301 exornare,
906 4225 990 4286 salvo
1012 4225 1097 4285 nodo
1119 4232 1223 4305 poetae
