<?xml version="1.0" encoding="UTF-8"?>
<!DOCTYPE html PUBLIC "-//W3C//DTD XHTML 1.0 Transitional//EN"
    "http://www.w3.org/TR/xhtml1/DTD/xhtml1-transitional.dtd">
<html xmlns="http://www.w3.org/1999/xhtml" xml:lang="en" lang="en">
 <head>
  <title>
</title>
<meta http-equiv="Content-Type" content="text/html;charset=utf-8" />
  <meta name='ocr-system' content='tesseract 3.04.00' />
  <meta name='ocr-capabilities' content='ocr_page ocr_carea ocr_par ocr_line ocrx_word'/>
</head>
<body>
  <div class='ocr_page' id='page_1' title='image "./csuetoniitranqu03suetgoog_0079.png"; bbox 0 0 3066 4998; ppageno 0'>
   <div class='ocr_carea' id='block_1_1' title="bbox 670 393 927 472">
    <p class='ocr_par' dir='ltr' id='par_1_1' title="bbox 670 393 927 472">
     <span class='ocr_line' id='line_1_1' title="bbox 670 393 927 472; baseline -0.004 -14"><span class='ocrx_word' id='word_1_1' title='bbox 670 393 927 472; x_wconf 77' lang='lat'>..38-</span> 
     </span>
    </p>
   </div>
   <div class='ocr_carea' id='block_1_2' title="bbox 215 587 1367 2330">
    <p class='ocr_par' dir='ltr' id='par_1_2' title="bbox 215 587 1367 2330">
     <span class='ocr_line' id='line_1_2' title="bbox 252 587 1365 667; baseline -0.008 -11"><span class='ocrx_word' id='word_1_2' title='bbox 252 603 285 656; x_wconf 87' lang='lat' dir='ltr'><strong>ut</strong></span> <span class='ocrx_word' id='word_1_3' title='bbox 316 600 400 656; x_wconf 84' lang='lat' dir='ltr'><strong>uocat</strong></span> <span class='ocrx_word' id='word_1_4' title='bbox 434 596 554 656; x_wconf 75' lang='lat' dir='ltr'><strong>interius</strong></span> <span class='ocrx_word' id='word_1_5' title='bbox 588 595 659 667; x_wconf 78' lang='lat' dir='ltr'><strong>Cap.</strong></span> <span class='ocrx_word' id='word_1_6' title='bbox 694 593 742 652; x_wconf 81' lang='lat'><strong>15.</strong></span> <span class='ocrx_word' id='word_1_7' title='bbox 789 590 864 649; x_wconf 85' lang='lat' dir='ltr'><strong>ilino</strong></span> <span class='ocrx_word' id='word_1_8' title='bbox 892 596 921 648; x_wconf 86' lang='lat' dir='ltr'><strong>et</strong></span> <span class='ocrx_word' id='word_1_9' title='bbox 951 592 1042 652; x_wconf 77' lang='lat' dir='ltr'><strong>Plinio</strong></span> <span class='ocrx_word' id='word_1_10' title='bbox 1074 592 1180 650; x_wconf 79' lang='lat' dir='ltr'><strong>‹lioitun</strong></span> <span class='ocrx_word' id='word_1_11' title='bbox 1202 587 1365 662; x_wconf 68' lang='lat' dir='ltr'><strong>emens</strong></span> 
     </span>
     <span class='ocr_line' id='line_1_3' title="bbox 254 694 1365 766; baseline -0.005 -4"><span class='ocrx_word' id='word_1_12' title='bbox 254 707 406 764; x_wconf 69' lang='lat' dir='ltr'><strong>,cenaeus</strong></span> <span class='ocrx_word' id='word_1_13' title='bbox 451 703 509 760; x_wconf 83' lang='lat' dir='ltr'><strong>Sed</strong></span> <span class='ocrx_word' id='word_1_14' title='bbox 532 703 681 759; x_wconf 81' lang='lat' dir='ltr'><strong>Melioaus&#39;</strong></span> <span class='ocrx_word' id='word_1_15' title='bbox 699 697 754 755; x_wconf 81' lang='lat' dir='ltr'><strong>iiiii</strong></span> <span class='ocrx_word' id='word_1_16' title='bbox 776 695 898 754; x_wconf 84' lang='lat' dir='ltr'><strong>libertus</strong></span> <span class='ocrx_word' id='word_1_17' title='bbox 920 697 1111 758; x_wconf 86' lang='lat' dir='ltr'><strong>Maecenatis.</strong></span> <span class='ocrx_word' id='word_1_18' title='bbox 1133 694 1365 766; x_wconf 65' lang='lat' dir='ltr'><strong>Vitelliani.</strong></span> 
     </span>
     <span class='ocr_line' id='line_1_4' title="bbox 253 793 1365 880; baseline -0.011 -14"><span class='ocrx_word' id='word_1_19' title='bbox 253 807 425 880; x_wconf 61' lang='lat' dir='ltr'><strong>[legentium</strong></span> <span class='ocrx_word' id='word_1_20' title='bbox 456 807 573 864; x_wconf 66' lang='lat' dir='ltr'><strong>caeca</strong></span> <span class='ocrx_word' id='word_1_21' title='bbox 603 803 758 861; x_wconf 78' lang='lat' dir='ltr'><strong>Melissus.</strong></span> <span class='ocrx_word' id='word_1_22' title='bbox 804 801 878 858; x_wconf 90' lang='lat' dir='ltr'><strong>Nam</strong></span> <span class='ocrx_word' id='word_1_23' title='bbox 908 801 972 874; x_wconf 84' lang='lat' dir='ltr'><strong>quis</strong></span> <span class='ocrx_word' id='word_1_24' title='bbox 995 803 1129 876; x_wconf 72' lang='lat' dir='ltr'><strong>ignorat,</strong></span> <span class='ocrx_word' id='word_1_25' title='bbox 1164 793 1365 857; x_wconf 84' lang='lat' dir='ltr'><strong>Maecenatem</strong></span> 
     </span>
     <span class='ocr_line' id='line_1_5' title="bbox 252 885 1367 980; baseline -0.008 -11"><span class='ocrx_word' id='word_1_26' title='bbox 252 885 375 968; x_wconf 79' lang='lat' dir='ltr'><strong>Cilnium</strong></span> <span class='ocrx_word' id='word_1_27' title='bbox 398 923 465 966; x_wconf 88' lang='lat' dir='ltr'><strong>esse</strong></span> <span class='ocrx_word' id='word_1_28' title='bbox 487 909 603 966; x_wconf 84' lang='lat' dir='ltr'><strong>dictum.</strong></span> <span class='ocrx_word' id='word_1_29' title='bbox 649 904 724 963; x_wconf 87' lang='lat' dir='ltr'><strong>ilinc</strong></span> <span class='ocrx_word' id='word_1_30' title='bbox 746 909 776 962; x_wconf 88' lang='lat' dir='ltr'><strong>et</strong></span> <span class='ocrx_word' id='word_1_31' title='bbox 798 904 889 962; x_wconf 82' lang='lat' dir='ltr'><strong>Plinio</strong></span> <span class='ocrx_word' id='word_1_32' title='bbox 911 905 1055 980; x_wconf 88' lang='lat' dir='ltr'><strong>XXVill,</strong></span> <span class='ocrx_word' id='word_1_33' title='bbox 1086 904 1106 962; x_wconf 79' lang='grc' dir='ltr'><strong>θ</strong></span> <span class='ocrx_word' id='word_1_34' title='bbox 1134 911 1256 962; x_wconf 81' lang='lat' dir='ltr'><strong>vocatur</strong></span> <span class='ocrx_word' id='word_1_35' title='bbox 1276 905 1367 960; x_wconf 85' lang='lat' dir='ltr'><strong>lilae-</strong></span> 
     </span>
     <span class='ocr_line' id='line_1_6' title="bbox 251 1009 1366 1079; baseline -0.007 -8"><span class='ocrx_word' id='word_1_36' title='bbox 251 1030 339 1071; x_wconf 87' lang='lat' dir='ltr'><strong>cenas</strong></span> <span class='ocrx_word' id='word_1_37' title='bbox 373 1011 531 1071; x_wconf 78' lang='lat' dir='ltr'>Melissus:</span> <span class='ocrx_word' id='word_1_38' title='bbox 576 1011 716 1067; x_wconf 61' lang='lat' dir='ltr'><strong>Menenio</strong></span> <span class='ocrx_word' id='word_1_39' title='bbox 752 1011 960 1067; x_wconf 73' lang='lat' dir='ltr'><em>Maecenatem</em></span> <span class='ocrx_word' id='word_1_40' title='bbox 996 1011 1154 1076; x_wconf 71' lang='lat' dir='ltr'><strong>licitatum</strong></span> <span class='ocrx_word' id='word_1_41' title='bbox 1193 1009 1366 1079; x_wconf 74' lang='lat' dir='ltr'><strong>acceptum</strong></span> 
     </span>
     <span class='ocr_line' id='line_1_7' title="bbox 251 1113 1365 1187; baseline -0.006 -12"><span class='ocrx_word' id='word_1_42' title='bbox 251 1120 401 1176; x_wconf 75' lang='lat' dir='ltr'><strong>silentium</strong></span> <span class='ocrx_word' id='word_1_43' title='bbox 434 1117 494 1172; x_wconf 80' lang='lat' dir='ltr'><strong>sibi</strong></span> <span class='ocrx_word' id='word_1_44' title='bbox 526 1117 710 1187; x_wconf 72' lang='lat' dir='ltr'><strong>imperasse,</strong></span> <span class='ocrx_word' id='word_1_45' title='bbox 755 1123 782 1169; x_wconf 84' lang='lat' dir='ltr'><strong>a·</strong></span> <span class='ocrx_word' id='word_1_46' title='bbox 815 1114 1011 1170; x_wconf 70' lang='lat' dir='ltr'><strong>enuntiatone</strong></span> <span class='ocrx_word' id='word_1_47' title='bbox 1051 1115 1167 1170; x_wconf 76' lang='lat' dir='ltr'><strong>reddito</strong></span> <span class='ocrx_word' id='word_1_48' title='bbox 1204 1113 1365 1182; x_wconf 60' lang='lat' dir='ltr'><strong>anaema.</strong></span> 
     </span>
     <span class='ocr_line' id='line_1_8' title="bbox 251 1214 1365 1292; baseline -0.008 -13"><span class='ocrx_word' id='word_1_49' title='bbox 251 1222 309 1280; x_wconf 79' lang='lat' dir='ltr'><strong>seu</strong></span> <span class='ocrx_word' id='word_1_50' title='bbox 341 1218 417 1292; x_wconf 87' lang='lat' dir='ltr'><strong>apud</strong></span> <span class='ocrx_word' id='word_1_51' title='bbox 447 1215 572 1276; x_wconf 76' lang='lat' dir='ltr'><strong>Gellium</strong></span> <span class='ocrx_word' id='word_1_52' title='bbox 603 1215 674 1288; x_wconf 73' lang='lat' dir='ltr'><strong>Gap.</strong></span> <span class='ocrx_word' id='word_1_53' title='bbox 706 1215 736 1276; x_wconf 83' lang='grc'><strong>6.</strong></span> <span class='ocrx_word' id='word_1_54' title='bbox 764 1214 827 1273; x_wconf 77' lang='lat' dir='ltr'><strong>uin.</strong></span> <span class='ocrx_word' id='word_1_55' title='bbox 856 1216 946 1272; x_wconf 90' lang='lat' dir='ltr'><strong>XllX</strong></span> <span class='ocrx_word' id='word_1_56' title='bbox 980 1216 1060 1290; x_wconf 63' lang='lat' dir='ltr'><strong>aliug</strong></span> <span class='ocrx_word' id='word_1_57' title='bbox 1085 1220 1132 1272; x_wconf 84' lang='lat' dir='ltr'><strong>est</strong></span> <span class='ocrx_word' id='word_1_58' title='bbox 1162 1215 1267 1274; x_wconf 76' lang='lat' dir='ltr'><strong>Aelius</strong></span> <span class='ocrx_word' id='word_1_59' title='bbox 1293 1215 1365 1272; x_wconf 87' lang='lat' dir='ltr'><strong>Me-</strong></span> 
     </span>
     <span class='ocr_line' id='line_1_9' title="bbox 251 1318 1366 1401; baseline -0.005 -21"><span class='ocrx_word' id='word_1_60' title='bbox 251 1327 360 1401; x_wconf 81' lang='lat' dir='ltr'><strong>lissus,</strong></span> <span class='ocrx_word' id='word_1_61' title='bbox 392 1321 440 1394; x_wconf 85' lang='lat' dir='ltr'><strong>qui</strong></span> <span class='ocrx_word' id='word_1_62' title='bbox 471 1319 545 1378; x_wconf 82' lang='lat' dir='ltr'><strong>vixit</strong></span> <span class='ocrx_word' id='word_1_63' title='bbox 570 1323 698 1392; x_wconf 83' lang='lat' dir='ltr'><strong>tempore</strong></span> <span class='ocrx_word' id='word_1_64' title='bbox 728 1318 823 1378; x_wconf 77' lang='lat' dir='ltr'><strong>uenti.</strong></span> <span class='ocrx_word' id='word_1_65' title='bbox 869 1318 953 1378; x_wconf 78' lang='lat' dir='ltr'><strong>Sicut</strong></span> <span class='ocrx_word' id='word_1_66' title='bbox 983 1324 1012 1376; x_wconf 88' lang='lat' dir='ltr'><strong>et</strong></span> <span class='ocrx_word' id='word_1_67' title='bbox 1035 1319 1110 1376; x_wconf 76' lang='lat' dir='ltr'><strong>alius</strong></span> <span class='ocrx_word' id='word_1_68' title='bbox 1132 1321 1278 1390; x_wconf 77' lang='lat' dir='ltr'><strong>Melissea</strong></span> <span class='ocrx_word' id='word_1_69' title='bbox 1306 1318 1366 1376; x_wconf 83' lang='lat' dir='ltr'><strong>tuit</strong></span> 
     </span>
     <span class='ocr_line' id='line_1_10' title="bbox 249 1421 1365 1504; baseline -0.005 -18"><span class='ocrx_word' id='word_1_70' title='bbox 249 1431 298 1487; x_wconf 93' lang='lat' dir='ltr'><strong>ille</strong></span> <span class='ocrx_word' id='word_1_71' title='bbox 328 1430 471 1504; x_wconf 67' lang='lat' dir='ltr'><strong>Sancus,</strong></span> <span class='ocrx_word' id='word_1_72' title='bbox 507 1424 591 1482; x_wconf 89' lang='lat' dir='ltr'><strong>cuius</strong></span> <span class='ocrx_word' id='word_1_73' title='bbox 614 1423 701 1481; x_wconf 83' lang='lat' dir='ltr'><strong>uitam</strong></span> <span class='ocrx_word' id='word_1_74' title='bbox 732 1421 886 1496; x_wconf 76' lang='lat' dir='ltr'><strong>descripsit</strong></span> <span class='ocrx_word' id='word_1_75' title='bbox 915 1423 1081 1499; x_wconf 80' lang='lat' dir='ltr'><strong>Diogenes⁷</strong></span> <span class='ocrx_word' id='word_1_76' title='bbox 1112 1423 1161 1496; x_wconf 76' lang='lat' dir='ltr'><strong>qui</strong></span> <span class='ocrx_word' id='word_1_77' title='bbox 1188 1425 1279 1496; x_wconf 76' lang='lat' dir='ltr'><strong>longe</strong></span> <span class='ocrx_word' id='word_1_78' title='bbox 1308 1422 1365 1480; x_wconf 81' lang='lat' dir='ltr'><strong>nuit</strong></span> 
     </span>
     <span class='ocr_line' id='line_1_11' title="bbox 250 1525 1363 1606; baseline -0.004 -16"><span class='ocrx_word' id='word_1_79' title='bbox 250 1531 405 1590; x_wconf 84' lang='lat' dir='ltr'><strong>vetustior:</strong></span> <span class='ocrx_word' id='word_1_80' title='bbox 428 1529 502 1586; x_wconf 91' lang='lat' dir='ltr'><strong>alius</strong></span> <span class='ocrx_word' id='word_1_81' title='bbox 524 1529 671 1586; x_wconf 70' lang='lat' dir='ltr'><strong>Melissus</strong></span> <span class='ocrx_word' id='word_1_82' title='bbox 684 1529 850 1606; x_wconf 68' lang='lat' dir='ltr'><strong>Mttowua,</strong></span> <span class='ocrx_word' id='word_1_83' title='bbox 874 1525 958 1586; x_wconf 88' lang='lat' dir='ltr'><strong>onius</strong></span> <span class='ocrx_word' id='word_1_84' title='bbox 982 1527 1157 1601; x_wconf 77' lang='lat' dir='ltr'><strong>Fulgentius</strong></span> <span class='ocrx_word' id='word_1_85' title='bbox 1179 1526 1304 1584; x_wconf 83' lang='lat' dir='ltr'><strong>meminit</strong></span> <span class='ocrx_word' id='word_1_86' title='bbox 1325 1529 1363 1586; x_wconf 88' lang='lat' dir='ltr'><strong>ll.</strong></span> 
     </span>
     <span class='ocr_line' id='line_1_12' title="bbox 249 1629 1364 1709; baseline -0.005 -13"><span class='ocrx_word' id='word_1_87' title='bbox 249 1636 563 1709; x_wconf 74' lang='lat' dir='ltr'><strong>Mythol.e1tan.-</strong></span> <span class='ocrx_word' id='word_1_88' title='bbox 591 1633 676 1690; x_wconf 82' lang='lat' dir='ltr'><strong>Adde</strong></span> <span class='ocrx_word' id='word_1_89' title='bbox 705 1636 803 1690; x_wconf 75' lang='lat' dir='ltr'><strong>Burni.</strong></span> <span class='ocrx_word' id='word_1_90' title='bbox 828 1633 876 1706; x_wconf 80' lang='lat' dir='ltr'><strong>qui</strong></span> <span class='ocrx_word' id='word_1_91' title='bbox 898 1629 1017 1692; x_wconf 85' lang='lat' dir='ltr'><strong>lle&#39;inaio</strong></span> <span class='ocrx_word' id='word_1_92' title='bbox 1048 1647 1146 1690; x_wconf 84' lang='lat' dir='ltr'><strong>veram</strong></span> <span class='ocrx_word' id='word_1_93' title='bbox 1168 1633 1364 1691; x_wconf 79' lang='lat' dir='ltr'><strong>coniecturam</strong></span> 
     </span>
     <span class='ocr_line' id='line_1_13' title="bbox 251 1735 1364 1802; baseline -0.006 -1"><span class='ocrx_word' id='word_1_94' title='bbox 251 1738 370 1802; x_wconf 64' lang='lat' dir='ltr'><strong>&amp;Inice</strong></span> <span class='ocrx_word' id='word_1_95' title='bbox 392 1737 538 1797; x_wconf 78' lang='lat' dir='ltr'><strong>adscribit.</strong></span> <span class='ocrx_word' id='word_1_96' title='bbox 574 1739 610 1793; x_wconf 88' lang='lat' dir='ltr'><strong>ln</strong></span> <span class='ocrx_word' id='word_1_97' title='bbox 637 1735 748 1794; x_wconf 86' lang='lat' dir='ltr'><strong>minore</strong></span> <span class='ocrx_word' id='word_1_98' title='bbox 781 1737 947 1795; x_wconf 71' lang='lat' dir='ltr'><strong>casauboni</strong></span> <span class='ocrx_word' id='word_1_99' title='bbox 976 1738 1029 1796; x_wconf 81' lang='lat' dir='ltr'><strong>lio.</strong></span> <span class='ocrx_word' id='word_1_100' title='bbox 1058 1741 1106 1796; x_wconf 83' lang='lat' dir='ltr'><strong>est</strong></span> <span class='ocrx_word' id='word_1_101' title='bbox 1125 1738 1270 1796; x_wconf 77' lang='lat' dir='ltr'><strong>Lenaeus</strong></span> <span class='ocrx_word' id='word_1_102' title='bbox 1291 1738 1364 1794; x_wconf 91' lang='lat' dir='ltr'><strong>Me-</strong></span> 
     </span>
     <span class='ocr_line' id='line_1_14' title="bbox 249 1839 1364 1912; baseline -0.002 -12"><span class='ocrx_word' id='word_1_103' title='bbox 249 1845 317 1901; x_wconf 77' lang='lat' dir='ltr'><strong>tita.</strong></span> <span class='ocrx_word' id='word_1_104' title='bbox 361 1844 406 1898; x_wconf 83' lang='lat' dir='ltr'><strong>lle</strong></span> <span class='ocrx_word' id='word_1_105' title='bbox 427 1840 619 1898; x_wconf 74' lang='lat' dir='ltr'><strong>Grammatico</strong></span> <span class='ocrx_word' id='word_1_106' title='bbox 641 1839 764 1898; x_wconf 79' lang='lat' dir='ltr'><strong>Melissa</strong></span> <span class='ocrx_word' id='word_1_107' title='bbox 787 1843 833 1896; x_wconf 86' lang='lat' dir='ltr'><strong>est</strong></span> <span class='ocrx_word' id='word_1_108' title='bbox 855 1841 961 1898; x_wconf 86' lang='lat' dir='ltr'><strong>mentio</strong></span> <span class='ocrx_word' id='word_1_109' title='bbox 983 1841 1059 1912; x_wconf 85' lang='lat' dir='ltr'><strong>apud</strong></span> <span class='ocrx_word' id='word_1_110' title='bbox 1082 1840 1195 1900; x_wconf 82' lang='lat' dir='ltr'><strong>Charis.</strong></span> <span class='ocrx_word' id='word_1_111' title='bbox 1218 1857 1245 1912; x_wconf 88' lang='lat' dir='ltr'><strong>p.</strong></span> <span class='ocrx_word' id='word_1_112' title='bbox 1269 1839 1310 1896; x_wconf 75' lang='lat' dir='ltr'><strong>te</strong></span> <span class='ocrx_word' id='word_1_113' title='bbox 1334 1846 1364 1898; x_wconf 87' lang='lat' dir='ltr'><strong>et</strong></span> 
     </span>
     <span class='ocr_line' id='line_1_15' title="bbox 250 1943 1361 2016; baseline -0.004 -12"><span class='ocrx_word' id='word_1_114' title='bbox 250 1946 320 2005; x_wconf 80' lang='lat' dir='ltr'><strong>uei.</strong></span> <span class='ocrx_word' id='word_1_115' title='bbox 351 1945 387 2002; x_wconf 78' lang='lat' dir='ltr'><strong>(ie</strong></span> <span class='ocrx_word' id='word_1_116' title='bbox 421 1943 558 2016; x_wconf 76' lang='lat' dir='ltr'><strong>Onthogu.</strong></span> <span class='ocrx_word' id='word_1_117' title='bbox 593 1960 621 2015; x_wconf 91' lang='lat' dir='ltr'><strong>p.</strong></span> <span class='ocrx_word' id='word_1_118' title='bbox 654 1944 747 2003; x_wconf 74' lang='lat' dir='ltr'><strong>nete.</strong></span> <span class='ocrx_word' id='word_1_119' title='bbox 792 1944 847 2005; x_wconf 77' lang='lat' dir='ltr'><strong>ni.</strong></span> <span class='ocrx_word' id='word_1_120' title='bbox 879 1945 998 2002; x_wconf 80' lang='lat' dir='ltr'><strong>l’utscln.</strong></span> <span class='ocrx_word' id='word_1_121' title='bbox 1026 1945 1065 2004; x_wconf 90' lang='lat' dir='ltr'><strong>V.</strong></span> <span class='ocrx_word' id='word_1_122' title='bbox 1104 1944 1201 2004; x_wconf 75' lang='lat' dir='ltr'><strong>liartln</strong></span> <span class='ocrx_word' id='word_1_123' title='bbox 1235 1944 1361 2001; x_wconf 80' lang='lat' dir='ltr'><strong>Advers.</strong></span> 
     </span>
     <span class='ocr_line' id='line_1_16' title="bbox 215 2042 1362 2132; baseline -0.003 -25"><span class='ocrx_word' id='word_1_124' title='bbox 215 2117 226 2132; x_wconf 27' lang='grc' dir='ltr'>ἢ</span> <span class='ocrx_word' id='word_1_125' title='bbox 247 2051 280 2107; x_wconf 85' lang='lat' dir='ltr'><strong>L.</strong></span> <span class='ocrx_word' id='word_1_126' title='bbox 304 2048 461 2106; x_wconf 88' lang='lat' dir='ltr'><strong>XXXVll.</strong></span> <span class='ocrx_word' id='word_1_127' title='bbox 486 2047 518 2106; x_wconf 79' lang='lat' dir='ltr'><strong>C.</strong></span> <span class='ocrx_word' id='word_1_128' title='bbox 544 2042 594 2105; x_wconf 77' lang='lat'><strong>5.“</strong></span> <span class='ocrx_word' id='word_1_129' title='bbox 627 2047 693 2103; x_wconf 80' lang='lat' dir='ltr'><strong>liuo</strong></span> <span class='ocrx_word' id='word_1_130' title='bbox 716 2045 807 2118; x_wconf 79' lang='lat' dir='ltr'><strong>igitur</strong></span> <span class='ocrx_word' id='word_1_131' title='bbox 829 2052 898 2104; x_wconf 89' lang='lat' dir='ltr'><strong>sunt</strong></span> <span class='ocrx_word' id='word_1_132' title='bbox 919 2047 1110 2122; x_wconf 72' lang='lat' dir='ltr'><strong>grammatici,</strong></span> <span class='ocrx_word' id='word_1_133' title='bbox 1140 2063 1216 2105; x_wconf 90' lang='lat' dir='ltr'><strong>unus</strong></span> <span class='ocrx_word' id='word_1_134' title='bbox 1235 2047 1362 2119; x_wconf 78' lang='lat' dir='ltr'><strong>Pompeii</strong></span> 
     </span>
     <span class='ocr_line' id='line_1_17' title="bbox 247 2147 1360 2227; baseline -0.001 -18"><span class='ocrx_word' id='word_1_135' title='bbox 247 2153 387 2227; x_wconf 80' lang='lat' dir='ltr'><strong>libertus,</strong></span> <span class='ocrx_word' id='word_1_136' title='bbox 418 2153 571 2223; x_wconf 86' lang='lat' dir='ltr'><strong>Lenaeus,</strong></span> <span class='ocrx_word' id='word_1_137' title='bbox 604 2154 636 2208; x_wconf 90' lang='lat' dir='ltr'><strong>ut</strong></span> <span class='ocrx_word' id='word_1_138' title='bbox 669 2147 838 2222; x_wconf 81' lang='lat' dir='ltr'><strong>simpliciter</strong></span> <span class='ocrx_word' id='word_1_139' title='bbox 861 2151 1038 2210; x_wconf 78' lang='lat' dir='ltr'><strong>asuetonio</strong></span> <span class='ocrx_word' id='word_1_140' title='bbox 1066 2167 1092 2209; x_wconf 91' lang='lat' dir='ltr'><strong>o.</strong></span> <span class='ocrx_word' id='word_1_141' title='bbox 1127 2152 1165 2210; x_wconf 81' lang='lat'><strong>15</strong></span> <span class='ocrx_word' id='word_1_142' title='bbox 1188 2151 1360 2226; x_wconf 83' lang='lat' dir='ltr'><strong>appellatur,</strong></span> 
     </span>
     <span class='ocr_line' id='line_1_18' title="bbox 248 2253 1360 2330; baseline -0.002 -16"><span class='ocrx_word' id='word_1_143' title='bbox 248 2255 381 2330; x_wconf 82' lang='lat' dir='ltr'><strong>quoniam</strong></span> <span class='ocrx_word' id='word_1_144' title='bbox 409 2255 466 2312; x_wconf 88' lang='lat' dir='ltr'><strong>iam</strong></span> <span class='ocrx_word' id='word_1_145' title='bbox 498 2254 615 2328; x_wconf 75' lang='lat' dir='ltr'><strong>integro</strong></span> <span class='ocrx_word' id='word_1_146' title='bbox 645 2253 774 2325; x_wconf 88' lang='lat' dir='ltr'><strong>Pompeii</strong></span> <span class='ocrx_word' id='word_1_147' title='bbox 795 2255 904 2317; x_wconf 68' lang='lat' dir='ltr'><strong>[lenaei</strong></span> <span class='ocrx_word' id='word_1_148' title='bbox 933 2254 1046 2312; x_wconf 84' lang='lat' dir='ltr'><strong>nomine</strong></span> <span class='ocrx_word' id='word_1_149' title='bbox 1076 2271 1100 2313; x_wconf 90' lang='lat' dir='ltr'><strong>c.</strong></span> <span class='ocrx_word' id='word_1_150' title='bbox 1124 2257 1145 2312; x_wconf 77' lang='lat'>2</span> <span class='ocrx_word' id='word_1_151' title='bbox 1173 2257 1360 2328; x_wconf 76' lang='lat' dir='ltr'><strong>produxerat,</strong></span> 
     </span>
    </p>
   </div>
   <div class='ocr_carea' id='block_1_3' title="bbox 247 2347 1479 2433">
    <p class='ocr_par' dir='ltr' id='par_1_3' title="bbox 247 2347 1479 2433">
     <span class='ocr_line' id='line_1_19' title="bbox 247 2347 1479 2433; baseline -0.001 -16"><span class='ocrx_word' id='word_1_152' title='bbox 247 2360 320 2419; x_wconf 84' lang='lat' dir='ltr'><strong>alter</strong></span> <span class='ocrx_word' id='word_1_153' title='bbox 341 2355 523 2416; x_wconf 75' lang='lat' dir='ltr'><strong>Maecenatis</strong></span> <span class='ocrx_word' id='word_1_154' title='bbox 552 2359 587 2433; x_wconf 74' lang='lat' dir='ltr'><strong>l,</strong></span> <span class='ocrx_word' id='word_1_155' title='bbox 618 2357 652 2416; x_wconf 80' lang='lat' dir='ltr'><strong>C.</strong></span> <span class='ocrx_word' id='word_1_156' title='bbox 676 2355 818 2416; x_wconf 78' lang='lat' dir='ltr'><strong>Melissus</strong></span> <span class='ocrx_word' id='word_1_157' title='bbox 847 2358 987 2416; x_wconf 76' lang='lat' dir='ltr'><strong>Suetonio</strong></span> <span class='ocrx_word' id='word_1_158' title='bbox 1009 2357 1120 2416; x_wconf 72' lang='lat' dir='ltr'><strong>nietuss</strong></span> <span class='ocrx_word' id='word_1_159' title='bbox 1150 2374 1271 2432; x_wconf 69' lang='lat' dir='ltr'><strong>quonum</strong></span> <span class='ocrx_word' id='word_1_160' title='bbox 1293 2361 1360 2416; x_wconf 86' lang='lat' dir='ltr'><strong>uter</strong></span> <span class='ocrx_word' id='word_1_161' title='bbox 1476 2347 1479 2352; x_wconf 71' lang='grc'><strong>’</strong></span> 
     </span>
    </p>
   </div>
   <div class='ocr_carea' id='block_1_4' title="bbox 189 2462 1360 4100">
    <p class='ocr_par' dir='ltr' id='par_1_4' title="bbox 243 2462 1360 3786">
     <span class='ocr_line' id='line_1_20' title="bbox 246 2462 1360 2538; baseline 0 -18"><span class='ocrx_word' id='word_1_162' title='bbox 246 2463 295 2536; x_wconf 92' lang='lat' dir='ltr'><strong>qui</strong></span> <span class='ocrx_word' id='word_1_163' title='bbox 324 2464 360 2520; x_wconf 84' lang='lat' dir='ltr'><strong>ab</strong></span> <span class='ocrx_word' id='word_1_164' title='bbox 383 2464 485 2520; x_wconf 84' lang='lat' dir='ltr'><strong>eodem</strong></span> <span class='ocrx_word' id='word_1_165' title='bbox 506 2462 642 2520; x_wconf 87' lang='lat' dir='ltr'><strong>laudatur</strong></span> <span class='ocrx_word' id='word_1_166' title='bbox 660 2462 795 2518; x_wconf 85' lang='lat' dir='ltr'><strong>Lenaeus</strong></span> <span class='ocrx_word' id='word_1_167' title='bbox 823 2462 965 2520; x_wconf 83' lang='lat' dir='ltr'><strong>Melissus</strong></span> <span class='ocrx_word' id='word_1_168' title='bbox 998 2462 1051 2538; x_wconf 86' lang='lat' dir='ltr'><strong>sit,</strong></span> <span class='ocrx_word' id='word_1_169' title='bbox 1085 2463 1269 2535; x_wconf 43' lang='lat' dir='ltr'><strong>quaeritura*</strong></span> <span class='ocrx_word' id='word_1_170' title='bbox 1294 2475 1360 2520; x_wconf 90' lang='lat' dir='ltr'><strong>nam</strong></span> 
     </span>
     <span class='ocr_line' id='line_1_21' title="bbox 246 2565 1359 2638; baseline 0 -14"><span class='ocrx_word' id='word_1_171' title='bbox 246 2567 362 2624; x_wconf 85' lang='lat' dir='ltr'><strong>tertium</strong></span> <span class='ocrx_word' id='word_1_172' title='bbox 384 2566 478 2624; x_wconf 75' lang='lat' dir='ltr'><strong>Gellio</strong></span> <span class='ocrx_word' id='word_1_173' title='bbox 499 2568 687 2622; x_wconf 86' lang='lat' dir='ltr'><strong>memoratum</strong></span> <span class='ocrx_word' id='word_1_174' title='bbox 708 2569 868 2638; x_wconf 81' lang='lat' dir='ltr'><strong>temporum</strong></span> <span class='ocrx_word' id='word_1_175' title='bbox 890 2565 1016 2624; x_wconf 81' lang='lat' dir='ltr'><strong>rationes</strong></span> <span class='ocrx_word' id='word_1_176' title='bbox 1038 2567 1204 2628; x_wconf 81' lang='lat' dir='ltr'><strong>excludunt.</strong></span> <span class='ocrx_word' id='word_1_177' title='bbox 1250 2569 1359 2626; x_wconf 84' lang='lat' dir='ltr'><strong>Nostro</strong></span> 
     </span>
     <span class='ocr_line' id='line_1_22' title="bbox 245 2667 1359 2748; baseline 0.004 -22"><span class='ocrx_word' id='word_1_178' title='bbox 245 2670 301 2729; x_wconf 88' lang='lat' dir='ltr'><strong>iam</strong></span> <span class='ocrx_word' id='word_1_179' title='bbox 331 2685 414 2742; x_wconf 84' lang='lat' dir='ltr'><strong>quem</strong></span> <span class='ocrx_word' id='word_1_180' title='bbox 443 2674 601 2726; x_wconf 86' lang='lat' dir='ltr'><strong>tractamus</strong></span> <span class='ocrx_word' id='word_1_181' title='bbox 628 2669 695 2725; x_wconf 89' lang='lat' dir='ltr'><strong>looo</strong></span> <span class='ocrx_word' id='word_1_182' title='bbox 723 2667 863 2725; x_wconf 82' lang='lat' dir='ltr'><strong>Suetonio</strong></span> <span class='ocrx_word' id='word_1_183' title='bbox 893 2668 999 2727; x_wconf 83' lang='lat' dir='ltr'><strong>nitatur</strong></span> <span class='ocrx_word' id='word_1_184' title='bbox 1029 2671 1174 2729; x_wconf 71' lang='lat' dir='ltr'><strong>macae</strong></span> <span class='ocrx_word' id='word_1_185' title='bbox 1201 2673 1359 2748; x_wconf 76' lang='lat' dir='ltr'><strong>Maiiam,</strong></span> 
     </span>
     <span class='ocr_line' id='line_1_23' title="bbox 247 2751 1358 2845; baseline 0.003 -14"><span class='ocrx_word' id='word_1_186' title='bbox 247 2773 330 2832; x_wconf 87' lang='lat' dir='ltr'><strong>ouius</strong></span> <span class='ocrx_word' id='word_1_187' title='bbox 363 2773 485 2831; x_wconf 89' lang='lat' dir='ltr'><strong>nominis</strong></span> <span class='ocrx_word' id='word_1_188' title='bbox 513 2771 654 2830; x_wconf 88' lang='lat' dir='ltr'><strong>homiuem</strong></span> <span class='ocrx_word' id='word_1_189' title='bbox 684 2771 742 2829; x_wconf 85' lang='lat' dir='ltr'><strong>hoc</strong></span> <span class='ocrx_word' id='word_1_190' title='bbox 769 2751 836 2829; x_wconf 81' lang='lat' dir='ltr'><strong>laco</strong></span> <span class='ocrx_word' id='word_1_191' title='bbox 869 2778 993 2845; x_wconf 86' lang='lat' dir='ltr'><strong>exceptu</strong></span> <span class='ocrx_word' id='word_1_192' title='bbox 1022 2773 1142 2832; x_wconf 85' lang='lat' dir='ltr'><strong>historia</strong></span> <span class='ocrx_word' id='word_1_193' title='bbox 1176 2789 1234 2834; x_wconf 89' lang='lat' dir='ltr'><strong>nou</strong></span> <span class='ocrx_word' id='word_1_194' title='bbox 1270 2774 1358 2833; x_wconf 87' lang='lat' dir='ltr'><strong>novit.</strong></span> 
     </span>
     <span class='ocr_line' id='line_1_24' title="bbox 245 2875 1358 2951; baseline -0.002 -15"><span class='ocrx_word' id='word_1_195' title='bbox 245 2878 399 2936; x_wconf 60' lang='lat' dir='ltr'><strong>motabile</strong></span> <span class='ocrx_word' id='word_1_196' title='bbox 428 2893 499 2934; x_wconf 84' lang='lat' dir='ltr'><strong>veno</strong></span> <span class='ocrx_word' id='word_1_197' title='bbox 522 2892 609 2950; x_wconf 80' lang='lat' dir='ltr'><strong>quum</strong></span> <span class='ocrx_word' id='word_1_198' title='bbox 643 2875 723 2951; x_wconf 87' lang='lat' dir='ltr'><strong>aliis,</strong></span> <span class='ocrx_word' id='word_1_199' title='bbox 763 2891 837 2948; x_wconf 89' lang='lat' dir='ltr'><strong>quos</strong></span> <span class='ocrx_word' id='word_1_200' title='bbox 866 2875 942 2934; x_wconf 80' lang='lat' dir='ltr'><strong>iuter</strong></span> <span class='ocrx_word' id='word_1_201' title='bbox 963 2881 1009 2934; x_wconf 88' lang='lat' dir='ltr'><strong>est</strong></span> <span class='ocrx_word' id='word_1_202' title='bbox 1030 2877 1149 2937; x_wconf 86' lang='lat' dir='ltr'><strong>Iahnius</strong></span> <span class='ocrx_word' id='word_1_203' title='bbox 1168 2879 1206 2936; x_wconf 84' lang='lat' dir='ltr'><strong>ad</strong></span> <span class='ocrx_word' id='word_1_204' title='bbox 1228 2877 1358 2936; x_wconf 83' lang='lat' dir='ltr'><strong>Persium</strong></span> 
     </span>
     <span class='ocr_line' id='line_1_25' title="bbox 245 2979 1358 3058; baseline -0.001 -17"><span class='ocrx_word' id='word_1_205' title='bbox 245 3001 273 3056; x_wconf 88' lang='lat' dir='ltr'><strong>p.</strong></span> <span class='ocrx_word' id='word_1_206' title='bbox 299 2983 451 3058; x_wconf 76' lang='lat' dir='ltr'><strong>exunt,</strong></span> <span class='ocrx_word' id='word_1_207' title='bbox 473 2988 534 3039; x_wconf 87' lang='lat' dir='ltr'><strong>tum</strong></span> <span class='ocrx_word' id='word_1_208' title='bbox 557 2980 643 3038; x_wconf 90' lang='lat' dir='ltr'><strong>eiiam</strong></span> <span class='ocrx_word' id='word_1_209' title='bbox 666 2979 735 3038; x_wconf 87' lang='lat' dir='ltr'><strong>mihi</strong></span> <span class='ocrx_word' id='word_1_210' title='bbox 757 2981 824 3038; x_wconf 87' lang='lat' dir='ltr'><strong>olim</strong></span> <span class='ocrx_word' id='word_1_211' title='bbox 846 2982 883 3038; x_wconf 82' lang='lat' dir='ltr'><strong>atl</strong></span> <span class='ocrx_word' id='word_1_212' title='bbox 904 2981 1060 3052; x_wconf 78' lang='lat' dir='ltr'><strong>Apuleium</strong></span> <span class='ocrx_word' id='word_1_213' title='bbox 1083 3000 1109 3055; x_wconf 92' lang='lat' dir='ltr'><strong>p.</strong></span> <span class='ocrx_word' id='word_1_214' title='bbox 1128 2983 1166 3039; x_wconf 72' lang='lat' dir='ltr'><strong>ti</strong></span> <span class='ocrx_word' id='word_1_215' title='bbox 1191 2983 1286 3040; x_wconf 84' lang='lat' dir='ltr'><strong>visum</strong></span> <span class='ocrx_word' id='word_1_216' title='bbox 1301 2987 1358 3058; x_wconf 88' lang='lat' dir='ltr'><strong>est,</strong></span> 
     </span>
     <span class='ocr_line' id='line_1_26' title="bbox 244 3083 1358 3159; baseline -0.004 -13"><span class='ocrx_word' id='word_1_217' title='bbox 244 3087 427 3146; x_wconf 78' lang='lat' dir='ltr'><strong>Maecenatis</strong></span> <span class='ocrx_word' id='word_1_218' title='bbox 443 3084 663 3144; x_wconf 73' lang='lat' dir='ltr'><strong>tiberinalia:</strong></span> <span class='ocrx_word' id='word_1_219' title='bbox 686 3085 785 3159; x_wconf 84' lang='lat' dir='ltr'><strong>itaque</strong></span> <span class='ocrx_word' id='word_1_220' title='bbox 809 3099 865 3141; x_wconf 90' lang='lat' dir='ltr'><strong>uon</strong></span> <span class='ocrx_word' id='word_1_221' title='bbox 879 3083 1008 3142; x_wconf 77' lang='lat' dir='ltr'><strong>dubitavi</strong></span> <span class='ocrx_word' id='word_1_222' title='bbox 1022 3087 1058 3142; x_wconf 84' lang='lat' dir='ltr'><strong>de</strong></span> <span class='ocrx_word' id='word_1_223' title='bbox 1077 3085 1198 3143; x_wconf 86' lang='lat' dir='ltr'><strong>nominis</strong></span> <span class='ocrx_word' id='word_1_224' title='bbox 1213 3085 1358 3157; x_wconf 80' lang='lat' dir='ltr'><strong>scriptura</strong></span> 
     </span>
     <span class='ocr_line' id='line_1_27' title="bbox 243 3187 1358 3266; baseline -0.004 -17"><span class='ocrx_word' id='word_1_225' title='bbox 243 3192 284 3250; x_wconf 81' lang='lat' dir='ltr'><strong>ite</strong></span> <span class='ocrx_word' id='word_1_226' title='bbox 296 3195 435 3266; x_wconf 79' lang='lat' dir='ltr'><strong>statuere,</strong></span> <span class='ocrx_word' id='word_1_227' title='bbox 451 3194 484 3248; x_wconf 91' lang='lat' dir='ltr'><strong>ut</strong></span> <span class='ocrx_word' id='word_1_228' title='bbox 500 3191 644 3247; x_wconf 74' lang='lat' dir='ltr'><strong>Lenaeus</strong></span> <span class='ocrx_word' id='word_1_229' title='bbox 658 3191 802 3246; x_wconf 80' lang='lat' dir='ltr'><strong>Melissus</strong></span> <span class='ocrx_word' id='word_1_230' title='bbox 817 3187 916 3244; x_wconf 87' lang='lat' dir='ltr'><strong>nescio</strong></span> <span class='ocrx_word' id='word_1_231' title='bbox 934 3203 991 3260; x_wconf 80' lang='lat' dir='ltr'><strong>quo</strong></span> <span class='ocrx_word' id='word_1_232' title='bbox 1008 3205 1107 3246; x_wconf 81' lang='lat' dir='ltr'><strong>errore</strong></span> <span class='ocrx_word' id='word_1_233' title='bbox 1129 3190 1203 3246; x_wconf 86' lang='lat' dir='ltr'><strong>male</strong></span> <span class='ocrx_word' id='word_1_234' title='bbox 1218 3190 1358 3262; x_wconf 76' lang='lat' dir='ltr'><strong>scriptum</strong></span> 
     </span>
     <span class='ocr_line' id='line_1_28' title="bbox 244 3291 1357 3370; baseline -0.004 -17"><span class='ocrx_word' id='word_1_235' title='bbox 244 3299 324 3353; x_wconf 87' lang='lat' dir='ltr'><strong>esset</strong></span> <span class='ocrx_word' id='word_1_236' title='bbox 344 3311 396 3367; x_wconf 86' lang='lat' dir='ltr'><strong>pro</strong></span> <span class='ocrx_word' id='word_1_237' title='bbox 421 3291 587 3352; x_wconf 79' lang='lat' dir='ltr'><strong>Maecenas</strong></span> <span class='ocrx_word' id='word_1_238' title='bbox 608 3294 752 3356; x_wconf 75' lang='lat' dir='ltr'><strong>Melissus</strong></span> <span class='ocrx_word' id='word_1_239' title='bbox 761 3310 774 3368; x_wconf 73' lang='lat'>5</span> <span class='ocrx_word' id='word_1_240' title='bbox 805 3292 889 3350; x_wconf 91' lang='lat' dir='ltr'><strong>cuius</strong></span> <span class='ocrx_word' id='word_1_241' title='bbox 912 3292 1024 3365; x_wconf 80' lang='lat' dir='ltr'><strong>quidem</strong></span> <span class='ocrx_word' id='word_1_242' title='bbox 1047 3293 1248 3370; x_wconf 82' lang='lat' dir='ltr'><strong>coniecturae,</strong></span> <span class='ocrx_word' id='word_1_243' title='bbox 1272 3292 1357 3351; x_wconf 86' lang='lat' dir='ltr'><strong>etiam</strong></span> 
     </span>
     <span class='ocr_line' id='line_1_29' title="bbox 243 3397 1357 3479; baseline 0.001 -25"><span class='ocrx_word' id='word_1_244' title='bbox 243 3397 343 3456; x_wconf 75' lang='lat' dir='ltr'><strong>laonio</strong></span> <span class='ocrx_word' id='word_1_245' title='bbox 376 3398 530 3470; x_wconf 76' lang='lat' dir='ltr'><strong>prolatae</strong></span> <span class='ocrx_word' id='word_1_246' title='bbox 548 3397 644 3456; x_wconf 82' lang='lat' dir='ltr'><strong>adhue</strong></span> <span class='ocrx_word' id='word_1_247' title='bbox 673 3413 730 3456; x_wconf 90' lang='lat' dir='ltr'><strong>uon</strong></span> <span class='ocrx_word' id='word_1_248' title='bbox 760 3397 868 3479; x_wconf 78' lang='lat' dir='ltr'><strong>piguit,</strong></span> <span class='ocrx_word' id='word_1_249' title='bbox 896 3399 926 3456; x_wconf 87' lang='lat' dir='ltr'><strong>in</strong></span> <span class='ocrx_word' id='word_1_250' title='bbox 946 3401 1058 3478; x_wconf 74' lang='lat' dir='ltr'><strong>tentum</strong></span> <span class='ocrx_word' id='word_1_251' title='bbox 1086 3404 1182 3458; x_wconf 87' lang='lat' dir='ltr'><strong>tamen</strong></span> <span class='ocrx_word' id='word_1_252' title='bbox 1206 3400 1357 3471; x_wconf 82' lang='lat' dir='ltr'><strong>suscipere</strong></span> 
     </span>
     <span class='ocr_line' id='line_1_30' title="bbox 243 3501 1356 3578; baseline 0.002 -20"><span class='ocrx_word' id='word_1_253' title='bbox 243 3501 308 3558; x_wconf 87' lang='lat' dir='ltr'><strong>ideo</strong></span> <span class='ocrx_word' id='word_1_254' title='bbox 342 3501 486 3577; x_wconf 85' lang='lat' dir='ltr'><strong>dubitavi,</strong></span> <span class='ocrx_word' id='word_1_255' title='bbox 525 3503 603 3574; x_wconf 79' lang='lat' dir='ltr'><strong>quoi</strong></span> <span class='ocrx_word' id='word_1_256' title='bbox 635 3502 743 3560; x_wconf 82' lang='lat' dir='ltr'><strong>erroris</strong></span> <span class='ocrx_word' id='word_1_257' title='bbox 776 3501 860 3576; x_wconf 75' lang='lat' dir='ltr'><strong>origo</strong></span> <span class='ocrx_word' id='word_1_258' title='bbox 889 3503 969 3560; x_wconf 81' lang='lat' dir='ltr'><strong>olane</strong></span> <span class='ocrx_word' id='word_1_259' title='bbox 1002 3502 1193 3562; x_wconf 86' lang='lat' dir='ltr'><strong>demonstrari</strong></span> <span class='ocrx_word' id='word_1_260' title='bbox 1222 3508 1356 3578; x_wconf 73' lang='lat' dir='ltr'><strong>nequeat,</strong></span> 
     </span>
     <span class='ocr_line' id='line_1_31' title="bbox 244 3601 1358 3682; baseline 0.002 -20"><span class='ocrx_word' id='word_1_261' title='bbox 244 3621 280 3662; x_wconf 88' lang='lat' dir='ltr'><strong>ea</strong></span> <span class='ocrx_word' id='word_1_262' title='bbox 308 3606 344 3662; x_wconf 79' lang='lat' dir='ltr'><strong>tle</strong></span> <span class='ocrx_word' id='word_1_263' title='bbox 366 3621 400 3662; x_wconf 87' lang='lat' dir='ltr'><strong>re</strong></span> <span class='ocrx_word' id='word_1_264' title='bbox 430 3605 584 3678; x_wconf 84' lang='lat' dir='ltr'><strong>aliquando</strong></span> <span class='ocrx_word' id='word_1_265' title='bbox 606 3606 635 3664; x_wconf 93' lang='lat' dir='ltr'><strong>iu</strong></span> <span class='ocrx_word' id='word_1_266' title='bbox 666 3605 793 3664; x_wconf 81' lang='lat' dir='ltr'><strong>Historia</strong></span> <span class='ocrx_word' id='word_1_267' title='bbox 815 3606 1068 3679; x_wconf 77' lang='lat' dir='ltr'><strong>grammaticorum</strong></span> <span class='ocrx_word' id='word_1_268' title='bbox 1090 3608 1274 3682; x_wconf 68' lang='lat' dir='ltr'><strong>latinorum,</strong></span> <span class='ocrx_word' id='word_1_269' title='bbox 1308 3601 1358 3664; x_wconf 79' lang='lat' dir='ltr'><strong>nii</strong></span> 
     </span>
     <span class='ocr_line' id='line_1_32' title="bbox 244 3709 1304 3786; baseline 0.002 -18"><span class='ocrx_word' id='word_1_270' title='bbox 244 3709 403 3768; x_wconf 73' lang='lat' dir='ltr'><strong>ordinasti</strong></span> <span class='ocrx_word' id='word_1_271' title='bbox 425 3709 503 3767; x_wconf 89' lang='lat' dir='ltr'><strong>hunc</strong></span> <span class='ocrx_word' id='word_1_272' title='bbox 523 3709 674 3769; x_wconf 85' lang='lat' dir='ltr'><strong>Melissum</strong></span> <span class='ocrx_word' id='word_1_273' title='bbox 697 3725 874 3786; x_wconf 79' lang='lat' dir='ltr'><strong>pervenero,</strong></span> <span class='ocrx_word' id='word_1_274' title='bbox 905 3713 1086 3771; x_wconf 88' lang='lat' dir='ltr'><strong>enucleatius</strong></span> <span class='ocrx_word' id='word_1_275' title='bbox 1108 3713 1304 3785; x_wconf 82' lang='lat' dir='ltr'><strong>expositurus.</strong></span> 
     </span>
    </p>

    <p class='ocr_par' dir='ltr' id='par_1_5' title="bbox 189 3805 1358 4100">
     <span class='ocr_line' id='line_1_33' title="bbox 189 3805 1358 3898; baseline 0.002 -22"><span class='ocrx_word' id='word_1_276' title='bbox 189 3883 193 3888; x_wconf 23' lang='lat'>⁸</span> <span class='ocrx_word' id='word_1_277' title='bbox 307 3807 406 3884; x_wconf 84' lang='grc' dir='ltr'>Πανὸς</span> <span class='ocrx_word' id='word_1_278' title='bbox 439 3805 598 3896; x_wconf 79' lang='grc' dir='ltr'>ἀγάπημα]</span> <span class='ocrx_word' id='word_1_279' title='bbox 630 3815 941 3898; x_wconf 38' lang='lat' dir='ltr'><strong>Papanosnpacemo.</strong></span> <span class='ocrx_word' id='word_1_280' title='bbox 975 3821 1008 3878; x_wconf 84' lang='grc' dir='ltr'><strong>Β.</strong></span> <span class='ocrx_word' id='word_1_281' title='bbox 1042 3833 1107 3878; x_wconf 82' lang='lat' dir='ltr'><strong>oum</strong></span> <span class='ocrx_word' id='word_1_282' title='bbox 1140 3819 1222 3892; x_wconf 75' lang='lat' dir='ltr'><strong>vulg.</strong></span> <span class='ocrx_word' id='word_1_283' title='bbox 1259 3811 1358 3892; x_wconf 63' lang='lat' dir='ltr'><strong>liceo&lt;</strong></span> 
     </span>
     <span class='ocr_line' id='line_1_34' title="bbox 243 3907 1356 4000; baseline 0.002 -24"><span class='ocrx_word' id='word_1_284' title='bbox 243 3915 351 4000; x_wconf 69' lang='grc' dir='ltr'><strong><em>ἄγημα.</em></strong></span> <span class='ocrx_word' id='word_1_285' title='bbox 372 3921 462 3979; x_wconf 89' lang='lat' dir='ltr'><strong>Voss.</strong></span> <span class='ocrx_word' id='word_1_286' title='bbox 486 3921 550 3976; x_wconf 78' lang='lat' dir='ltr'><strong>l‘nr.</strong></span> <span class='ocrx_word' id='word_1_287' title='bbox 574 3924 603 3975; x_wconf 90' lang='lat' dir='ltr'><strong>et</strong></span> <span class='ocrx_word' id='word_1_288' title='bbox 619 3907 705 3980; x_wconf 54' lang='lat' dir='ltr'><strong>&#39;llari</strong></span> <span class='ocrx_word' id='word_1_289' title='bbox 729 3921 774 3998; x_wconf 83' lang='lat' dir='ltr'><strong>P,</strong></span> <span class='ocrx_word' id='word_1_290' title='bbox 809 3919 912 3978; x_wconf 86' lang='lat' dir='ltr'><strong>relicto</strong></span> <span class='ocrx_word' id='word_1_291' title='bbox 934 3922 1028 3994; x_wconf 84' lang='lat' dir='ltr'><strong>spatio</strong></span> <span class='ocrx_word' id='word_1_292' title='bbox 1059 3935 1153 3980; x_wconf 88' lang='lat' dir='ltr'><strong>vacuo</strong></span> <span class='ocrx_word' id='word_1_293' title='bbox 1174 3923 1274 3980; x_wconf 81' lang='lat' dir='ltr'><strong>elecem</strong></span> <span class='ocrx_word' id='word_1_294' title='bbox 1295 3936 1356 3980; x_wconf 88' lang='lat' dir='ltr'><strong>uu-</strong></span> 
     </span>
     <span class='ocr_line' id='line_1_35' title="bbox 242 4022 1358 4100; baseline 0.001 -18"><span class='ocrx_word' id='word_1_295' title='bbox 242 4023 372 4082; x_wconf 86' lang='lat' dir='ltr'><strong>‹lecimve</strong></span> <span class='ocrx_word' id='word_1_296' title='bbox 393 4026 455 4080; x_wconf 81' lang='lat' dir='ltr'><strong>iere</strong></span> <span class='ocrx_word' id='word_1_297' title='bbox 474 4022 642 4082; x_wconf 85' lang='lat' dir='ltr'><strong>litterarum.</strong></span> <span class='ocrx_word' id='word_1_298' title='bbox 679 4023 762 4092; x_wconf 80' lang='lat' dir='ltr'><strong>Quotl</strong></span> <span class='ocrx_word' id='word_1_299' title='bbox 793 4040 870 4082; x_wconf 88' lang='lat' dir='ltr'><strong>nuno</strong></span> <span class='ocrx_word' id='word_1_300' title='bbox 901 4025 967 4083; x_wconf 84' lang='lat' dir='ltr'><strong>dedi</strong></span> <span class='ocrx_word' id='word_1_301' title='bbox 995 4041 1060 4082; x_wconf 90' lang='lat' dir='ltr'><strong>cum</strong></span> <span class='ocrx_word' id='word_1_302' title='bbox 1079 4025 1140 4098; x_wconf 84' lang='lat' dir='ltr'><strong>Bip.</strong></span> <span class='ocrx_word' id='word_1_303' title='bbox 1161 4031 1191 4082; x_wconf 90' lang='lat' dir='ltr'><strong>et</strong></span> <span class='ocrx_word' id='word_1_304' title='bbox 1214 4023 1358 4100; x_wconf 62' lang='lat' dir='ltr'><strong>Romaim</strong></span> 
     </span>
    </p>
   </div>
   <div class='ocr_carea' id='block_1_5' title="bbox 241 4120 1355 4309">
    <p class='ocr_par' dir='ltr' id='par_1_6' title="bbox 241 4120 1355 4309">
     <span class='ocr_line' id='line_1_36' title="bbox 243 4120 1355 4207; baseline 0.004 -26"><span class='ocrx_word' id='word_1_305' title='bbox 243 4125 293 4199; x_wconf 79' lang='lat' dir='ltr'><strong>qni</strong></span> <span class='ocrx_word' id='word_1_306' title='bbox 315 4130 410 4182; x_wconf 84' lang='lat' dir='ltr'><strong>tamen</strong></span> <span class='ocrx_word' id='word_1_307' title='bbox 432 4120 530 4196; x_wconf 84' lang='grc' dir='ltr'>Πανὸς</span> <span class='ocrx_word' id='word_1_308' title='bbox 553 4121 673 4207; x_wconf 60' lang='lat' dir='ltr'><strong>&amp;pecua</strong></span> <span class='ocrx_word' id='word_1_309' title='bbox 695 4127 835 4186; x_wconf 76' lang='lat' dir='ltr'><strong>seualle</strong></span> <span class='ocrx_word' id='word_1_310' title='bbox 857 4127 1014 4202; x_wconf 86' lang='lat' dir='ltr'><strong>adnotavit,</strong></span> <span class='ocrx_word' id='word_1_311' title='bbox 1037 4129 1066 4185; x_wconf 82' lang='lat' dir='ltr'><strong>iu</strong></span> <span class='ocrx_word' id='word_1_312' title='bbox 1087 4128 1181 4201; x_wconf 79' lang='lat' dir='ltr'><strong>ipium</strong></span> <span class='ocrx_word' id='word_1_313' title='bbox 1204 4127 1281 4201; x_wconf 77' lang='lat' dir='ltr'><strong>quoti</strong></span> <span class='ocrx_word' id='word_1_314' title='bbox 1296 4142 1355 4201; x_wconf 73' lang='lat' dir='ltr'><strong>ego</strong></span> 
     </span>
     <span class='ocr_line' id='line_1_37' title="bbox 241 4225 1354 4309; baseline 0.005 -23"><span class='ocrx_word' id='word_1_315' title='bbox 241 4241 357 4304; x_wconf 81' lang='lat' dir='ltr'><strong>quoque</strong></span> <span class='ocrx_word' id='word_1_316' title='bbox 379 4228 444 4287; x_wconf 88' lang='lat' dir='ltr'><strong>olim</strong></span> <span class='ocrx_word' id='word_1_317' title='bbox 467 4229 619 4302; x_wconf 76' lang='lat' dir='ltr'><strong>prolatant</strong></span> <span class='ocrx_word' id='word_1_318' title='bbox 640 4225 853 4304; x_wconf 65' lang='lat' dir='ltr'><strong>neapoleoni</strong></span> <span class='ocrx_word' id='word_1_319' title='bbox 876 4249 903 4304; x_wconf 92' lang='lat' dir='ltr'><strong>p.</strong></span> <span class='ocrx_word' id='word_1_320' title='bbox 929 4234 979 4309; x_wconf 70' lang='lat'><strong>72,</strong></span> <span class='ocrx_word' id='word_1_321' title='bbox 1002 4233 1113 4308; x_wconf 79' lang='lat' dir='ltr'><strong>&#39;l&#39;oupio</strong></span> <span class='ocrx_word' id='word_1_322' title='bbox 1136 4235 1199 4294; x_wconf 80' lang='lat' dir='ltr'><strong>lton</strong></span> <span class='ocrx_word' id='word_1_323' title='bbox 1222 4232 1252 4290; x_wconf 87' lang='lat' dir='ltr'><strong>in</strong></span> <span class='ocrx_word' id='word_1_324' title='bbox 1273 4233 1354 4292; x_wconf 75' lang='lat' dir='ltr'><strong>said.</strong></span> 
     </span>
    </p>
   </div>
   <div class='ocr_carea' id='block_1_6' title="bbox 0 0 1538 4998">
    <p class='ocr_par' dir='ltr' id='par_1_7' title="bbox 0 0 1538 4998">
     <span class='ocr_line' id='line_1_38' title="bbox 0 0 1538 4998; baseline 0 3"><span class='ocrx_word' id='word_1_325' title='bbox 0 0 1538 4998; x_wconf 95' lang='lat' dir='ltr'><strong> </strong></span> 
     </span>
    </p>
   </div>
  </div>
 </body>
</html>
