3054 5000
430 313 806 434 fh-m-

122 563 228 620 dictum
251 575 310 633 quo
333 557 484 634 madore,
509 555 594 614 cuius
617 556 652 612 de
680 554 708 611 vi
730 555 777 611 adi
800 555 943 628 Porcell.‚
974 554 1021 611 cui
1048 553 1123 612 adde
1155 555 1238 622 οπο-

122 666 173 724 roli
196 663 325 724 Plautio.
348 663 395 722 ed.
417 663 519 718 Pater.
538 677 566 732 p.
591 659 630 716 13
653 660 688 715 de
711 659 779 716 Lari
802 657 947 716 familiaris
985 661 1040 715 ists
1060 660 1239 715 seminudos

122 773 339 844 tentbmpue
367 769 492 842 incedit,
515 772 571 822 toto
599 765 738 837 splendet
763 779 891 836 empore
908 808 916 824 .
936 808 973 824 ..
1003 766 1087 822 unde
1114 763 1240 820 dentic-

123 882 168 932 tos
189 875 306 931 neseio.
350 873 477 943 Eporoct
494 871 671 926 comiodum
693 869 778 940 apud
798 869 994 928 carbonarios
1017 883 1108 940 apere
1131 874 1157 924 te
1175 881 1241 939 pu·

125 983 233 1057 toloni,
258 985 290 1035 tu
313 981 351 1034 de
369 976 506 1048 pistrinis
527 977 644 1034 venian

187 1077 321 1158 assulas]
344 1081 390 1137 lte
412 1079 514 1154 vulgo,
536 1083 569 1135 ut
591 1081 622 1136 ll.
647 1078 678 1138 P.
700 1079 829 1134 assittns.
865 1078 925 1138 PR.
950 1079 1062 1142 osittns.
1087 1071 1161 1135 Par.
1185 1091 1241 1133 ns·

124 1190 225 1265 syllas.
256 1185 337 1244 Harl.
360 1185 488 1260 assytos.
522 1185 598 1240 Ven.
622 1184 761 1258 nssytias.

189 1290 324 1348 custodis·
357 1285 427 1365 etc]
453 1288 555 1345 Plures
586 1286 677 1359 igitur
698 1285 774 1342 horti
806 1291 862 1342 tam
886 1283 1012 1358 egeno?
1040 1284 1073 1341 ld
1097 1283 1159 1342 iure
1184 1283 1241 1340 mi-
1292 1257 1296 1270 ”

126 1397 229 1452 rantur
238 1405 248 1468 3
273 1390 417 1447 accedunt
444 1389 553 1462 aliquot
575 1387 639 1446 libri
664 1388 713 1460 qui
742 1389 850 1455 hubent
873 1391 1020 1448 custodes.
1066 1387 1142 1444 ilinc
1164 1387 1242 1442 Sca-

125 1498 203 1570 liger
228 1493 337 1567 aliique
373 1491 483 1568 [Burm.
507 1492 571 1552 mai.
595 1499 624 1548 et
656 1489 802 1566 Oudend]
826 1491 1012 1564 probabiliter
1043 1493 1242 1560 coniecerunt,

128 1597 279 1664 Onstodea
300 1601 391 1655 nidet-
401 1599 510 1654 hortuli
530 1615 555 1658 s.
577 1599 690 1654 hortulo
713 1599 841 1670 Priapos
860 1597 897 1656 li.
921 1613 947 1656 e.
971 1595 1127 1653 simulacre
1149 1589 1246 1664 Priapi
1275 1643 1281 1664 ,

127 1704 251 1762 rudibus
286 1701 418 1758 manibus
448 1693 552 1758 dolata
597 1704 636 1758 ut
662 1701 717 1756 inm
746 1700 790 1757 sic
813 1701 900 1758 edidit
921 1701 1103 1758 Burmannus
1126 1697 1245 1756 Anlbcl.

127 1811 192 1868 Lat.
217 1809 252 1866 P.
276 1807 299 1861 l.
333 1821 360 1876 p.
384 1803 458 1862 420.
487 1805 681 1865 WOLPlUS.
727 1803 805 1862 Nihil
834 1805 999 1862 mutandum
1031 1819 1098 1860 esse
1121 1801 1247 1858 ostendit

130 1907 293 1980 lici-usius,
317 1905 365 1962 cui
386 1908 496 1963 lrustra
518 1905 684 1977 obloquitur
706 1907 897 1965 Weicbertns
921 1911 1003 1969 Poet.
1033 1909 1099 1966 Lat.
1122 1923 1148 1978 p.
1173 1903 1247 1980 358,
1275 1959 1280 1970 ,

129 2012 255 2084 probate
277 2010 369 2066 alters
390 2007 531 2088 lectione,
560 2011 689 2083 Priapos
711 2011 807 2068 vanas
831 2011 927 2083 Priapi
955 2009 1113 2084 imagines,
1142 2007 1247 2080 quibus

131 2114 278 2173 hortulum
311 2129 394 2170 suum
424 2129 512 2171 unum
545 2114 753 2187 grammaticus
787 2118 936 2191 ornasset,
971 2129 1028 2170 non
1062 2114 1248 2182 sumptuosas

132 2237 201 2294 eas,
225 2219 280 2275 sed
302 2234 340 2274 ex
360 2219 467 2276 assulis
489 2220 537 2275 vel
558 2218 645 2275 minio
667 2218 790 2291 depictis
812 2209 864 2276 vel
890 2233 927 2275 ex
949 2216 1169 2274 arbusculorum
1193 2211 1248 2268 sti-

132 2324 241 2396 pitibus
263 2323 293 2378 in
315 2325 433 2380 sormam
448 2321 613 2394 Lampsacii
635 2321 682 2378 dei
704 2296 816 2399 recisis,
839 2321 1043 2392 interpretans.
1073 2321 1251 2390 Atmagno-

135 2446 206 2502 pere
239 2428 395 2501 displicent
426 2429 525 2500 plures
558 2428 587 2484 in
620 2443 679 2486 uno
708 2429 823 2487 hortulo
853 2427 958 2500 Priapi.
1011 2429 1084 2484 'lum
1114 2426 1161 2484 vel
1189 2424 1252 2481 sola

137 2535 246 2607 copulo
268 2540 299 2590 et
317 2533 457 2608 ostendit,
489 2534 605 2590 assulas
626 2533 712 2592 minio
736 2533 865 2606 depictas
888 2549 953 2591 cnm
976 2531 1080 2605 Priapo
1104 2529 1174 2588 nibil
1195 2529 1252 2585 ba·¹
1357 2573 1367 2594 i

137 2639 208 2695 bere
231 2641 390 2695 commune.
435 2639 524 2694 Immo
547 2638 655 2695 assulis
676 2638 763 2694 minio
792 2637 914 2710 depictis
943 2637 1043 2710 cogita
1064 2632 1254 2710 gurgustium

139 2743 187 2798 vel
210 2745 390 2798 exstructum
412 2741 459 2796 vel
482 2745 598 2798 tectum.
645 2742 784 2799 orosius:
814 2743 979 2821 „custodis
997 2781 1044 2803 ...
1076 2733 1182 2810 Priapi
1203 2751 1254 2806 pro

141 2849 266 2902 custode
276 2845 401 2918 Priapo,
422 2848 451 2901 et
472 2843 501 2900 in
523 2843 585 2916 ipso
609 2843 664 2901 boc
682 2843 812 2917 genitivo
835 2848 880 2901 est
896 2844 989 2918 lepos,
1012 2833 1254 2899 docentellssc‘t

142 2952 210 3010 Par.
242 2951 271 3004 et
301 2946 383 3006 Harl.
414 2961 484 3004 cum
513 2947 588 3004 Vsu.
619 2950 742 3006 ortotos.
774 2950 850 3008 ven.
880 2951 1036 3023 custodes,
1068 2943 1145 3016 quod
1167 2954 1256 3014 quum

137 3053 205 3128 legi
227 3050 479 3110 animadvertisset
501 3053 576 3112 Aeli.
599 3051 711 3108 Statius
734 3051 771 3108 ad
793 3047 898 3110 Pibull.
921 3050 991 3126 1,1‚
1012 3049 1051 3105 17
1074 3047 1101 3104 in
1124 3045 1256 3103 custodis

144 3158 311 3217 mutandum
333 3173 400 3214 esse
423 3156 545 3215 censuit.
574 3157 752 3230 intelligitur
762 3156 896 3214 hortulus
918 3169 1003 3229 nnus,
1025 3140 1123 3225 ligura
1145 3143 1257 3205 dicendi

144 3262 239 3333 postis
276 3259 446 3333 praesertim
476 3259 571 3318 solita.
622 3260 798 3318 Lectionem'
828 3273 906 3315 nunc
935 3259 1082 3328 receptam
1118 3252 1258 3324 sprprcbst

138 3365 308 3423 ·Wernicke
330 3365 366 3442 ad
388 3364 484 3435 Priap.
508 3367 580 3423 taso.
594 3366 624 3421 Ἰ.
648 3380 676 3435 p.
700 3363 749 3424 65.
948 3431 950 3449 1

164 3453 165 3461 ¹
210 3467 346 3542 miretur]
369 3471 427 3525 Pro
450 3468 533 3540 vulg.
562 3471 692 3525 miratur
711 3485 747 3524 ex
771 3465 865 3529 Paris.
887 3465 952 3522 dedi
974 3467 1108 3541 miretur,
1133 3464 1259 3534 cogente

146 3588 247 3636 sensu.
293 3573 371 3629 Idem
400 3574 539 3645 evoss„
554 3571 623 3628 iecit
652 3572 783 3632 Oudend.
813 3571 1011 3629 WOLPIVS.
1056 3569 1090 3624 ln
1112 3565 1182 3622 meis
1211 3565 1259 3616 ta-

147 3693 213 3734 men
231 3675 353 3732 'schedis
375 3675 488 3749 reperio
512 3675 620 3736 diserte
642 3664 771 3734 noratur
790 3692 829 3732 ex
851 3677 919 3733 Per.
947 3677 1085 3744 notatum,
1119 3661 1261 3740 quemad-

148 3783 264 3850 modum
287 3781 373 3836 etinm
406 3780 487 3841 Harl.
520 3779 646 3854 exhibet,
680 3779 756 3851 quod
789 3780 818 3834 et
841 3780 873 3842 Β,
897 3792 963 3832 cnm
987 3774 1061 3832 Ven.
1085 3773 1192 3828 tuetur.
1229 3767 1260 3821 P.

148 3872 291 3965 nacitor,
324 3887 401 3942 unde
433 3884 572 3942 'Prossius
605 3887 732 3940 curetur
762 3881 807 3940 in'
823 3883 978 3954 contextu,
1013 3874 1089 3948 quod
1120 3871 1185 3928 olim
1208 3867 1263 3924 iam

151 3995 309 4061 anuyeto
332 3993 361 4047 et
375 3987 495 4047 Heinsio
519 3987 686 4044 coniectura
709 3991 853 4059 repertum
877 3984 1015 4056 probetur
1033 3975 1163 4036 BCrusio
1186 3963 1264 4046 quo-

151 4117 208 4174 que
232 4104 261 4156 et
282 4097 453 4154 Weiclierto
476 4097 495 4155 l.
510 4096 529 4153 12
676 4166 683 4174 .

217 4203 257 4260 sit
279 4197 459 4274 sapientiam]
482 4201 558 4256 ven.
580 4214 648 4271 sap.
668 4200 715 4256 sit.
