3072 5014
489 1210 552 1364 nu
596 1271 980 1414 uuunnrnun.
1044 1217 1051 1226 “

252 1529 277 1604 l.
310 1467 544 1607 (lrammalica
557 1507 749 1605 Romaene
762 1531 796 1601 iu
813 1555 879 1604 usu
895 1529 1031 1630 quidem
1045 1533 1143 1630 olim,
1163 1512 1290 1636 nedum
1314 1531 1342 1600 ¹·

176 1651 360 1728 inhonore
377 1651 450 1727 ullo
474 1660 569 1741 erat,
597 1648 673 1726 rudi
687 1651 825 1729 scilicet
848 1676 892 1729 ac
911 1653 1082 1734 bellicosa
1099 1660 1200 1756 eliam
1219 1669 1290 1735 lum
1319 1729 1329 1747 ,

176 1777 331 1866 civitate,
356 1771 504 1849 necdum
532 1793 747 1874 magnopere
773 1773 973 1851 liberalibus
1000 1774 1193 1880 disciplinis
1221 1767 1330 1856 va·''

176 1906 291 1973 cante.
331 1898 464 1970 lnilium
487 1916 626 1992 quoque
649 1896 725 1970 eius
746 1895 923 1974 mediocre
945 1902 1092 1976 exstitit:
1119 1901 1289 2002 siquidem
1311 1891 1342 1959 ²·

174 2019 399 2134 antiquissimi
434 2017 635 2108 doctorum,
672 2018 728 2115 qui
761 2017 864 2095 iidem
898 2029 934 2096 et
959 2029 1089 2126 poetae
1117 2031 1153 2098 et
1179 2028 1288 2120 serui-

174 2140 296 2238 graeci
331 2146 430 2213 erant
462 2137 612 2232 (Livium
646 2147 682 2212 et
715 2139 865 2216 Ennium·
886 2142 987 2236 dico,
1020 2169 1109 2244 quos
1142 2155 1288 2246 utraque

174 2262 294 2360 lingua
319 2259 410 2339 domi
436 2258 591 2356 forisque
607 2256 774 2337 docuisse
792 2271 908 2336 notum
932 2270 1007 2358 est)
1036 2265 1119 2342 uilril
1141 2267 1287 2370 anplius

175 2407 275 2482 quam
297 2381 455 2456 Graecos
481 2381 812 2483 interpretabamur,
839 2392 906 2456 aut,
925 2386 955 2457 si
980 2384 1062 2484 quid
1085 2388 1149 2488 ipsi
1166 2372 1319 2486 Latine*

175 2503 475 2604 composuissent,
502 2501 764 2603 praelegebaut.
804 2507 889 2580 Nanr
919 2505 1012 2604 quod
1036 2507 1191 2584 nonnulli
1212 2497 1285 2581 lra'·
1309 2507 1339 2573 3·

175 2626 271 2718 duni,
298 2622 388 2700 duos
410 2624 518 2699 libros
544 2623 596 2699 de
619 2621 779 2702 literis
807 2626 1109 2730 syllabisque,
1135 2627 1287 2709 itemdc

175 2751 350 2839 metris,
377 2748 420 2821 ab
448 2743 573 2823 eudem
599 2747 710 2823 Ennio
734 2745 861 2844 editos,
887 2750 963 2824 iure
986 2747 1102 2848 arguit
1128 2751 1168 2826 L:
1187 2752 1288 2826 Golia

175 2894 245 2945 non
270 2877 417 2972 poelae,
444 2868 510 2945 sed
531 2872 737 2975 poslerioris
758 2868 846 2946 linui
864 2893 965 2960 esse,
991 2874 1092 2944 cuius
1115 2871 1217 2945 eliam
1234 2868 1301 2946 dc'

175 2991 427 3092 augurandi
455 2989 697 3098 disciplina
725 2990 902 3066 volumina
927 2991 1092 3077 ferantur.

251 3115 292 3216 Il.
319 3116 451 3188 Primus
474 3115 589 3212 igilur,
616 3119 777 3210 quantum
792 3117 980 3218 opinamur,
1007 3112 1155 3188 studium
1167 3135 1286 3212 gram·
1308 3110 1339 3175 1·
1404 3197 1410 3216 ἢ
1523 3149 1524 3172 ι

66 3257 72 3282 ⁴
175 3239 321 3310 melicae
354 3238 388 3308 in
422 3234 547 3310 Urbem
582 3232 696 3308 intulit
730 3235 887 3311 Crates
919 3233 1161 3324 Mallotes,
1203 3232 1286 3312 Ari·

175 3355 306 3432 starchi
330 3356 498 3455 aequaliS,
526 3359 581 3456 qui
603 3360 730 3433 missus
748 3353 793 3428 ad
810 3363 967 3432 senatum
990 3355 1033 3428 ab
1055 3353 1174 3430 Attalo
1191 3377 1288 3454 rege,

175 3481 266 3553 inter
292 3475 483 3554 secundum
510 3502 553 3554 ac
580 3480 715 3554 tertium
738 3478 901 3551 Punicum
926 3475 1064 3568 bellum,
1092 3474 1156 3566 sub
1180 3477 1287 3578 ipsam
1320 3491 1323 3498 '

176 3600 264 3673 Enni
290 3608 451 3695 mortem,
478 3623 555 3677 curn
584 3603 731 3700 regione
765 3597 884 3674 Palatii
911 3598 1097 3708 prolapsus
1120 3599 1156 3670 in
1187 3595 1288 3671 cloa-

176 3745 243 3798 cae
269 3721 423 3798 foramen
450 3744 533 3795 crus
555 3721 732 3822 fregisset,
759 3743 824 3824 per
849 3743 951 3795 omne
976 3718 1164 3819 legalionis
1190 3716 1291 3791 simul
1359 3805 1362 3818 ι
1498 3706 1504 3720 ’

177 3851 215 3918 el
241 3841 441 3936 valitudinis
467 3851 603 3946 tempus
641 3840 805 3944 plurimas
831 3842 990 3926 acroasin
1022 3835 1168 3922 subinde
1194 3835 1291 3929 fecit,

177 3965 389 4069 assidueque
423 3964 604 4052 disseruit,
639 3987 683 4037 ac
709 3964 839 4038 uostris
866 3959 1028 4071 exemplo
1052 3959 1114 4034 luil
1141 3958 1187 4074 ad
1213 3961 1291 4033 inri-
1311 3967 1343 4032 2.

177 4085 335 4162 landum..
386 4089 564 4162 Hacienus
596 4091 711 4160 tamen
747 4085 883 4176 imitari,
923 4090 961 4164 ut
994 4082 1145 4171 canniua
1171 4105 1292 4184 parum

177 4207 292 4282 adbuc
308 4197 501 4311 diuulgata,
529 4207 590 4286 uel
606 4205 850 4304 defunctorum
866 4210 1062 4296 amicorum,
1091 4204 1150 4280 vel
1169 4207 1290 4316 siquo-
