3038 5032
723 429 771 448 ..
759 413 878 494 3¹
935 431 977 448 -

294 579 413 678 iucipdt
457 575 527 648 Sub
552 575 648 659 6ιιιιιι
670 575 819 660 Suetonii
847 577 1025 650 adiectum:
1058 577 1124 648 Hie
1158 581 1440 666 computruimus

166 721 174 745 ι
294 681 467 778 μοιιρῖαι·
488 681 605 754 deruit
625 691 657 752 et
677 703 743 752 ιιοιι
765 687 925 777 mteprma
953 682 1088 756 udemr
1133 677 1304 757 Suetonii
1329 683 1441 759 Trau-

296 787 389 880 pald
411 787 501 874 fiais.
545 787 745 882 Quibuscum
782 787 943 874 iungenda
974 807 1056 874 quae
1085 789 1116 856 iu
1145 787 1274 858 ultima
1308 790 1439 858 codicis

295 899 415 984 pagiua
437 892 469 958 h.
494 913 524 958 e.
543 891 597 958 iol.
621 891 709 960 466
731 893 770 960 ab
794 894 926 976 eedem,
949 903 984 958 ut
1006 891 1151 975 videtur,
1178 895 1437 980 manuscripta

292 998 463 1088 leguntur:
496 996 538 1066 L.
560 997 606 1064 A.
626 995 738 1066 1462.
781 996 985 1064 Praeceduut
1014 996 1064 1061 his
1095 1000 1305 1084 sequentia,
1337 981 1437 1086 quem

296 1101 343 1181 sd
362 1099 494 1171 modum
516 1101 550 1166 in
571 1099 687 1166 codice
708 1102 835 1186 reperi,
858 1119 876 1166 a
899 1117 952 1166 me
975 1098 1154 1184 descriptum

380 1235 496 1312 Ρωιιιι
517 1235 617 1304 :ebor
638 1235 696 1306 udi
719 1256 831 1324 paruo
852 1236 965 1304 domus
987 1258 1022 1303 es
1042 1257 1190 1324 corpore
1208 1259 1369 1326 parumn
1392 1279 1434 1306 ..

420 1437 433 1458 ·
466 1350 500 1409 et
528 1339 631 1412 oeus
663 1349 713 1408 est
732 1341 870 1409 ruimus
899 1349 932 1408 et
957 1337 1052 1406 breue
1080 1361 1220 1408 comen
1251 1343 1345 1412 Ιιαόο

603 1443 770 1532 stapham
797 1443 943 1534 Vepetius

381 1547 506 1618 Firrmu
534 1569 669 1616 moeror
693 1547 765 1615 hers·
793 1567 867 1636 spec
896 1547 1063 1634 quondam
1090 1569 1178 1638 poue
1212 1550 1356 1619 cateth·

465 1651 518 1718 hic
538 1671 625 1718 nuuc
646 1672 719 1737 spes
735 1651 848 1736 sorren
870 1671 1002 1720 moeror
1024 1650 1155 1738 lucrique
1174 1654 1282 1721 iaceo.

291 1787 418 1856 Auctor
438 1787 557 1861 horum
579 1789 698 1876 ingenii
720 1787 862 1870 lusuum,
886 1788 1004 1874 quibus
1027 1788 1232 1875 epitaphium
1267 1794 1304 1857 in
1328 1790 1428 1858 catel-

290 1886 374 1976 lum,
396 1891 429 1956 in
453 1889 577 1960 deliciis
598 1912 615 1957 a
639 1893 751 1960 nescio
775 1909 840 1978 quo
871 1890 1026 1975 habitum,
1050 1893 1151 1958 zebor
1178 1897 1323 1961 momine
1347 1894 1427 1961 scri·

249 2031 253 2038 ι
292 2007 383 2081 ptum
406 1995 592 2080 exhibetur,
623 2007 673 2062 est
702 1994 859 2062 Mah‘aeus
889 1991 1013 2082 Vegius
1035 1995 1106 2080 ille,
1137 2007 1173 2062 ut
1195 2000 1345 2084 opinor,
1371 1997 1425 2084 qui

291 2100 323 2163 in
346 2095 427 2165 urhe
450 2100 520 2186 agri
542 2097 798 2166 Mediolanensis
821 2099 903 2165 hbdi
935 2120 963 2166 o.
995 2101 1079 2164 1467
1101 2110 1196 2166 uatus
1230 2124 1337 2189 quum
1361 2101 1422 2166 alia

291 2201 391 2268 multa
414 2202 534 2270 diversi
551 2205 681 2292 generis
698 2204 831 2288 scripta,
853 2203 1033 2269 tumetium
1050 2214 1197 2288 poemata
1215 2206 1356 2292 reliquit
1368 2201 1420 2288 Ἲς
1501 2267 1502 2272 ,

290 2305 322 2369 in
347 2305 465 2391 quibus
488 2325 528 2372 au
541 2305 642 2398 'lusus
664 2305 708 2372 illi
731 2307 942 2393 reperiuntur,
969 2307 1193 2393 pervestigare
1208 2309 1255 2373 ob
1274 2309 1417 2393 inopiam
1501 2327 1502 2334 ¹

290 2407 502 2492 supellectilis
533 2393 724 2502 litterariae,
747 2429 811 2496 qua
840 2408 970 2492 laboro,
999 2409 1075 2476 mihi
1111 2430 1176 2475 ιιοιι
1198 2409 1313 2481 licuit.
1354 2410 1417 2476 ista
1500 2478 1501 2502 ,

290 2529 372 2595 vero
387 2513 441 2600 qui
458 2511 564 2580 eodioi
582 2499 792 2598 adscripserit
812 2525 941 2600 poetam
958 2511 1074 2581 Veium
1089 2515 1195 2600 ipsum
1213 2536 1282 2585 uon
1303 2517 1417 2596 fuisse,
1501 2575 1502 2578 ,

293 2614 435 2692 ostendit
458 2634 551 2684 error
572 2617 729 2700 nominis,
752 2607 925 2684 ascribas
946 2617 1068 2684 indocti
1090 2618 1169 2703 vitio
1192 2618 1415 2706 repetendus:

292 2728 437 2786 ceterum
459 2719 529 2786 eius
553 2721 690 2786 nominis
714 2718 873 2812 elementa
902 2720 1032 2805 aegrius
1055 2695 1153 2786 hodie
1184 2720 1414 2808 dispiciuntur,

270 2841 393 2910 ouum
424 2822 496 2912 ipse
524 2823 557 2920 iu
584 2821 724 2913 legendo
755 2824 954 2908 haesissem,
991 2843 1031 2888 ne
1061 2823 1168 2907 potius
1205 2820 1392 2918 Vepotius'
1383 2840 1413 2886 ιιι
1500 2816 1501 2819 ’

291 2924 407 2992 codice
429 2909 586 3012 scriptum
610 2937 709 3008 esset
744 2926 907 3014 Quidquid
930 2927 1026 2994 huius
1048 2928 1095 2992 rei
1117 2937 1178 3010 est,
1203 2923 1302 3014 Vegii
1325 2934 1412 2992 uerte

187 3013 216 3109 ’,
292 3029 455 3113 poematio
478 3031 505 3096 is
529 3031 584 3120 qui
607 3028 754 3096 codicem
778 3032 973 3108 exaravita.
1000 3031 1094 3113 1462,
1124 3033 1170 3096 uti
1197 3033 1316 3114 potuit.
1347 3028 1410 3094 Iam

293 3129 426 3200 verosi
450 3130 537 3216 quod
568 3148 667 3215 supra
691 3132 903 3215 exposuimus
934 3153 995 3217 pro
1024 3144 1115 3198 certo
1142 3132 1254 3198 haberi
1290 3138 1410 3220 potest,

293 3232 441 3300 Suetonii
471 3233 636 3318 codicem,
666 3237 720 3321 qui
749 3234 967 3302 Suetoniauos
991 3236 1117 3302 libellos
1141 3237 1349 3319 contineret,
1371 3247 1410 3295 ex

294 3332 396 3401 Gallia
414 3337 469 3404 vel
483 3337 690 3419 Germania
682 3360 713 3405 ιιι
729 3338 850 3406 Italiam
873 3361 932 3426 per
951 3339 1142 3414 Heuoohum
1161 3337 1247 3410 haud
1267 3339 1323 3404 diu
1338 3344 1410 3402 unte

294 3459 323 3507 a.
340 3439 424 3505 1460
447 3441 635 3507 translatum
659 3459 745 3528 osse,
770 3464 868 3532 quum
890 3437 1081 3528 praesertim
1103 3439 1257 3509 credibile
1275 3440 1407 3524 nonsit,

293 3601 575 3616 m—

346 3681 376 3750 ’)
395 3681 539 3748 Persimiie
566 3697 648 3761 supra
673 3681 756 3739 editis
775 3685 942 3758 epigramma
960 3679 1043 3756 Vegii
1068 3691 1112 3740 est
1137 3685 1164 3738 iu
1193 3683 1315 3741 Culicem
1336 3681 1406 3736 Ver·

396 3761 536 3840 giiiauum,
556 3769 628 3841 quod
648 3767 767 3824 refertor
785 3787 801 3824 a
820 3768 937 3843 Cyriaoo
957 3771 1130 3826 Anconituuo
1146 3771 1405 3828 Commentariorum

397 3856 478 3910 souis
496 3853 666 3926 thagmcntis,
682 3853 792 3912 Pisauri
811 3860 887 3924 tuot,
904 3873 931 3930 p.
951 3861 984 3912 t:

432 3960 541 4027 Aurea,
560 3977 644 4036 quom
664 3962 805 4036 quondum
823 3963 943 4036 defleuit,
962 3964 1049 4022 Mum
1065 3965 1212 4031 Maronis,

501 4065 577 4105 mmo
594 4047 649 4104 hoc
667 4047 814 4124 chrysoliti
833 4049 908 4124 [sic]
928 4050 1047 4108 claudor·
1063 4052 1094 4108 in
1112 4051 1178 4109 orde
1196 4047 1289 4106 euos.

453 4135 557 4201 Aures
570 4131 655 4194 Musa
669 4133 739 4205 fuit,
757 4135 882 4192 tumulus
898 4135 984 4196 simul
999 4149 1100 4196 curtus
1117 4138 1177 4212 ipse
1194 4143 1252 4204 eet,

502 4239 589 4310 W
603 4216 738 4280 miserunt
755 4222 840 4304 etium
857 4223 970 4300 rtrum't¹
982 4221 1087 4300 Apollo
1105 4225 1182 4307 mihi,
