3038 5032
539 423 791 500 ..21-

103 620 165 696 vel
189 623 410 720 vituperare:
437 615 604 716 quaedam
626 618 727 690 ctiam
748 611 905 687 adrasum
920 611 1110 686 commanis
1128 611 1222 682 vitae

104 745 280 832 instituta,
308 748 376 813 tum
404 739 498 813 utilia
527 748 563 814 et
596 741 817 828 necessaria,
854 743 922 808 turn
956 735 1153 834 perniciosa
1186 739 1223 806 et

103 883 377 962 supervacanea
403 859 618 936 ostendere:
654 883 765 960 saepe
790 855 915 934 fabulis
950 853 1053 929 fidem
1088 852 1223 927 firmare
1360 903 1366 920 ,

30 1059 35 1066 ,
103 994 166 1058 aut
192 982 348 1073 dernere,
374 983 467 1081 quod
495 1006 609 1080 genus
636 980 748 1056 thesis
776 991 812 1056 et
838 999 1034 1053 anasccnas
1060 985 1096 1051 et
1122 983 1223 1050 cuta-

104 1127 240 1180 soeuas
263 1105 389 1178 Graeci
416 1112 570 1178 vocant:
597 1099 715 1177 dorrec
742 1105 869 1177 sensim
895 1100 985 1176 lraec
1013 1097 1224 1174 exoluerunt

106 1237 142 1300 et
176 1223 223 1298 ad
250 1227 536 1299 controversiam
560 1210 714 1297 'veritum
752 1231 817 1298 est
854 1226 1006 1298 Veteres
1036 1227 1222 1294 contro·
1245 1221 1297 1288 12.

104 1349 300 1420 versiae
324 1353 383 1418 ant
410 1367 457 1419 ex
483 1345 644 1419 lritoriis'
657 1332 891 1427 trahebantur,
918 1345 1009 1416 sicut
1030 1360 1117 1412 sanc
1132 1359 1224 1410 non·

105 1467 228 1542 nullae
243 1490 354 1564 usqne
367 1465 501 1558 adhue,
529 1474 587 1540 ant
606 1487 654 1540 ex
676 1469 829 1570 veritate
849 1487 893 1540 ac
916 1486 966 1556 re,
993 1463 1111 1557 siqua
1133 1456 1224 1532 torte
1293 1551 1305 1564 ἱ

105 1611 238 1664 recens
259 1586 459 1664 accidisset.
498 1588 618 1685 ltaque
637 1586 794 1664 locorum
809 1589 910 1662 etiam
933 1578 1224 1686 appellationibus

104 1711 239 1786 additis
266 1713 412 1811 proponi
439 1709 611 1785 solebant.
642 1712 701 1786 Sic
722 1717 822 1785 certe
843 1707 1019 1784 collectae
1040 1702 1225 1800 editaeque
1248 1700 1299 1777 lss·

105 1857 149 1936 se
162 1829 311 1904 liabent:
335 1851 381 1902 ex
402 1829 527 1926 quibus
539 1855 607 1904 non
626 1829 773 1903 alienum
788 1827 892 1903 fuerit
906 1851 1007 1902 unam
1027 1833 1063 1900 et
1082 1824 1226 1898 alt-eram

106 1951 264 2051 exempli
292 1972 419 2024 caussa
444 1949 490 2022 ad
516 1949 660 2025 verbum
689 1948 833 2025 referre
873 1952 1045 2041 ,Aestivo
1070 1957 1226 2046 tempore
1248 1943 1300 2008 14·

105 2072 362 2147 adolescentes
379 2070 498 2144 urbani
518 2091 595 2146 cnm
611 2073 739 2144 Ostiam
761 2075 954 2160 venissent,
973 2070 1055 2142 litus
1075 2067 1226 2164 ingressi

105 2197 308 2295 piscatores
329 2188 508 2268 trahentes
534 2183 611 2266 rete
628 2190 788 2266 adierunt
807 2201 844 2268 et
862 2193 1083 2291 pepigerunt,
1111 2185 1226 2260 bolum

106 2315 227 2411 quanti
249 2320 430 2387 emerentr
459 2332 581 2386 numos
595 2313 804 2389 solverunt:
832 2312 891 2388 diu
910 2315 1225 2411 exspectaverunt,

107 2434 189 2509 dum
226 2435 315 2507 retia
348 2431 634 2510 extraherentur:
671 2433 857 2532 aliqnando
892 2434 1083 2523 extractis,
1118 2431 1227 2529 piscis

108 2553 230 2634 nullus
247 2547 371 2645 affuit,
405 2553 472 2629 sed
499 2565 619 2656 sporta
653 2559 729 2630 anri
755 2555 891 2630 obsuta.
931 2556 1016 2629 Tum
1049 2559 1227 2653 emptores

109 2674 228 2750 bolum
256 2698 354 2747 suum
387 2679 493 2768 aiunt,
526 2679 724 2776 piscatores
757 2685 891 2752 sunm.“
928 2672 1123 2768 „Venallcii
1149 2662 1302 2748 cnm15·

109 2793 285 2872 Brundusi
311 2817 457 2894 gregem
491 2795 663 2895 nennium
691 2821 713 2872 e
740 2785 821 2872 navi
843 2796 1047 2888 educerent,
1073 2793 1229 2872 formoso

110 2927 147 2994 et
165 2918 327 3017 pretioso
346 2941 469 3016 puero,
491 2917 585 3016 qnod
605 2921 799 3020 portitores
815 2918 1040 3010 verebantur,
1054 2913 1180 2990 bullam
1193 2921 1230 2988 et

111 3045 332 3142 praetextam
355 3047 474 3137 togam
499 3041 718 3142 imposueras
740 3039 846 3116 facile
871 3039 1043 3116 fallaciam
1058 3037 1230 3114 uclarnnt.

110 3163 257 3236 Romam
290 3163 451 3236 venitnrr
490 3164 662 3260 recogniti
688 3171 791 3238 sunt:
831 3166 959 3264 petitur
998 3183 1104 3262 puer,
1136 3156 1231 3256 quod

112 3281 241 3356 domiai
256 3280 438 3356 voluntate
454 3279 559 3358 tirerit
585 3281 684 3375 liber,
710 3287 745 3358 in
771 3282 985 3358 liberatem.“
1015 3279 1102 3356 Olim
1115 3287 1231 3354 antem
1254 3293 1305 3360 lo.

114 3429 177 3480 eas
199 3401 551 3503 appellationes
574 3403 712 3480 Graece
735 3404 916 3506 synthesis
932 3402 1129 3480 vocabant:
1149 3426 1232 3478 mox

114 3527 472 3602 controversias
492 3524 642 3624 quiden,
663 3526 803 3602 sedant
821 3527 936 3620 fictas,
955 3533 1016 3602 ant
1037 3523 1232 3600 indicia·

113 3647 194 3722 les.
233 3645 393 3722 Illustres
418 3645 654 3752 professores,
686 3657 723 3725 et
756 3672 900 3748 quornm
933 3649 1096 3726 memoria
1119 3646 1236 3743 aliqns

114 3774 253 3858 exstet,
287 3777 515 3846 contenere
547 3770 606 3845 alii
634 3775 871 3874 reperientur,
905 3795 1007 3870 quam
1035 3768 1084 3846 tle
1108 3767 1233 3868 quibus

116 3889 259 3966 tradam.

193 4015 234 4088 ll
275 4013 445 4090 laucius
476 4016 658 4094 Plotius
690 4015 886 4093 Gallus.
933 4015 1082 4094 oenoe
1108 4013 1234 4093 Cicero
1256 4030 1285 4098 1.

117 4136 150 4206 in
183 4133 337 4235 epistola
369 4135 416 4210 ad
449 4137 493 4210 ll.
521 4139 678 4230 Titinium
706 4143 759 4214 sic
784 4138 912 4216 refert:
942 4135 1132 4236 „Equidem
1157 4159 1234 4213 sre-
1255 4157 1287 4220 2

118 4257 227 4332 moria
247 4263 368 4346 teneo,
381 4262 500 4363 pneris
514 4260 618 4336 nobis
630 4263 772 4368 primum
786 4261 907 4338 Latine
921 4257 1056 4338 dacae
1068 4261 1235 4362 coepisse
