3054 5000
546 449 598 465 ..
650 407 804 484 fflr..

111 603 143 660 lu
165 603 225 662 lna
247 601 345 662 autem
369 619 456 679 quum
479 601 601 662 maxime
623 604 759 663 ereditile
784 577 907 664 attineri
925 606 1133 682 numeniusnm
1150 609 1229 669 neri-

110 713 188 780 nturn
213 709 322 784 tuisse,
347 711 380 771 n.
403 709 487 766 iidem
510 724 545 766 eu
574 709 765 768 confidentius
787 714 1006 787 terminumn,
1028 713 1236 786 qunapertius'

109 827 220 870 menne
242 817 364 870 turmam
386 813 508 871 nominis
530 811 685 870 desiderati
706 813 799 886 ipsam
821 813 946 874 exhibet.
968 814 1003 873 ln
1018 816 1126 886 aminis
1147 819 1231 878 Ver-³

111 915 189 972 ranis
214 921 454 974 eommemnratnr
477 917 514 972 cle
535 917 571 976 It.
594 917 631 976 lt.
649 917 688 992 ll,
710 919 737 994 1,
765 919 902 977 intenae
924 917 987 994 (vel
1006 921 1165 1000 Manena),
1188 919 1232 980 uti

111 1037 145 1078 err
174 1020 261 1077 libris
289 1037 342 1092 pro
371 1023 509 1079 Menates
535 1022 730 1094 reponendum
754 1027 815 1094 est,
844 1037 919 1094 qnae
949 1025 1043 1080 turma
1064 1024 1140 1082 t’ulsn
1162 1027 1235 1082 lluta‘

110 1129 153 1180 est
176 1139 216 1180 ex
240 1123 366 1180 ablativo
388 1139 444 1182 unn
468 1126 543 1182 falso
565 1127 687 1182 Menate
714 1142 740 1186 n.
765 1126 792 1184 8.
821 1128 920 1200 Atque
941 1129 1075 1208 Menam,
1097 1129 1231 1188 libertum

110 1225 186 1282 illum
206 1226 351 1302 Pompeii,
373 1227 439 1284 item
460 1227 496 1284 de
515 1231 628 1284 eatasta
646 1232 781 1303 emptum,
804 1229 840 1288 (le
854 1246 911 1302 quo
934 1248 962 1292 v.
981 1231 1136 1289 Weintrert
1150 1233 1232 1308 rost,

110 1331 172 1389 Lat.
198 1345 227 1401 p.
249 1330 312 1386 443
334 1347 395 1405 sn,
417 1331 565 1403 appellant
586 1329 698 1388 Plinius
716 1332 842 1393 XXXV.
868 1339 943 1395 extr.
967 1338 996 1391 et
1014 1335 1146 1409 Velleius
1168 1335 1231 1395 l’at.

109 1433 144 1508 11,
160 1434 214 1488 71.
251 1434 296 1489 lle
317 1435 451 1493 librorum
474 1435 620 1506 scriptura
642 1435 881 1508 Oudendorpius:
909 1440 1019 1515 „Hero
1047 1453 1104 1494 eun
1126 1438 1191 1494 deti
1214 1453 1231 1496 a

110 1539 181 1595 Mss.
210 1553 268 1595 nau
290 1553 347 1596 aun
368 1541 450 1599 tero.
479 1539 553 1596 lteiu
569 1541 650 1600 vett,
666 1523 732 1597 libri
744 1555 855 1598 morem
875 1547 981 1615 emtus,
993 1543 1088 1601 Matre
1103 1548 1231 1619 emptus,

109 1643 259 1700 Numetra
289 1649 428 1722 epium,
464 1649 619 1716 empturus
647 1645 814 1704 Manena:
848 1645 925 1703 unrle
952 1645 1068 1703 Statius
1095 1645 1165 1702 teuit
1191 1648 1232 1706 N.

109 1747 149 1804 tl.
176 1741 211 1807 0.
236 1755 352 1822 enipius
384 1747 401 1806 i.
426 1764 450 1808 e.
473 1761 639 1806 numerum
663 1751 782 1806 mittun
806 1755 933 1806 centana.
968 1749 1003 1808 u.
1032 1749 1062 1810 3.
1093 1753 1231 1810 ducentia

113 1851 234 1906 neuun
257 1849 382 1908 numum
403 1853 437 1920 Q.
460 1851 563 1916 Catulo
586 1857 691 1910 emme.
714 1855 754 1909 ls.
769 1853 861 1915 Voss.
885 1859 981 1912 emula
1002 1844 1232 1913 aanrcrra.“

109 1955 172 2021 Qun
196 1953 282 2010 modo
306 1969 421 2026 cunque
444 1955 481 2012 de
503 1955 589 2014 huius
609 1955 666 2011 luei
689 1955 815 2013 lentione
836 1955 1025 2032 inclinaveris,
1049 1973 1137 2016 unum
1160 1971 1230 2014 uere·

110 2063 167 2114 tum
188 2063 245 2131 est,
269 2058 441 2130 scripturam
461 2058 571 2116 eatinis
591 2058 664 2134 eius,
680 2076 717 2116 ex
737 2073 793 2132 qun
815 2059 977 2133 exemplum
995 2060 1126 2118 tiennelri
1145 2064 1229 2118 tran-

109 2162 249 2234 seriptum
277 2167 337 2237 est,
370 2163 577 2235 perobscurum
600 2162 711 2220 misse:
734 2159 814 2223 uude
837 2169 880 2222 tut
909 2165 1061 2224 verborum
1083 2163 1229 2237 stribligi-

110 2281 161 2324 nes
183 2265 304 2338 genitae
326 2273 402 2324 suut.
837 2262 841 2272 '

172 2363 336 2450 literarum]
367 2369 476 2429 Omittit
499 2375 531 2429 Ρ.

175 2469 303 2552 tradant]
328 2476 403 2534 ven.
427 2480 558 2534 uadunt.

173 2569 318 2657 Sullanis]
344 2580 376 2642 P.
399 2584 429 2637 et
451 2581 518 2638 Par.
541 2581 684 2656 Syllanta.

502 2746 684 2832 lirul
728 2746 836 2833 lli

171 2903 269 2985 Ninia]
291 2911 338 2966 lix
360 2910 392 2972 Ρ.
415 2909 552 2968 'Pressius
575 2911 674 2989 Natta,
699 2911 727 2966 et
749 2909 793 2965 sie
815 2909 900 2968 iutra.
931 2909 1003 2965 ltem
1026 2905 1118 2969 Voss.
1140 2908 1170 2963 et
1194 2909 1227 2972 Ρ.
1325 2951 1329 2957 .

108 3001 136 3069 iu
158 3013 259 3071 ludina
280 3027 404 3088 gramm.
445 2997 446 3002 ἵ
1110 3005 1111 3010 ’
1162 3023 1167 3034 ’

172 3129 281 3216 haesit]
306 3136 389 3194 llaud
416 3135 483 3194 novi
505 3135 582 3195 alind
605 3121 776 3212 exemplum,
800 3152 856 3210 quo
880 3137 1006 3195 tuerere
1036 3134 1122 3193 alieni
1150 3133 1225 3194 idem

14 3289 19 3303 ,
107 3239 144 3298 sit
163 3256 200 3297 an
222 3256 260 3296 ex
281 3237 411 3313 partibus
434 3229 565 3300 alieuius
581 3245 669 3310 stare.
705 3242 778 3297 Nam
800 3256 875 3314 quae
897 3239 925 3298 in
948 3235 1065 3298 lrexieis
1088 3236 1224 3296 exaltan-

106 3349 154 3402 tur
176 3343 280 3401 similia
302 3349 412 3404 tantum
435 3350 503 3404 sunt
525 3361 665 3417 suamque
688 3343 814 3416 quidque
833 3347 1007 3416 potestatem
1027 3359 1064 3400 ex
1083 3341 1225 3418 uniusque

106 3447 163 3506 lnei
191 3448 352 3532 conditione
374 3449 517 3524 singulari
545 3449 701 3521 aneipinut.
732 3450 829 3516 Quare
858 3446 973 3505 dubium
1002 3443 1070 3504 milri
1099 3445 1222 3526 quidem,

105 3553 275 3623 praesertim
289 3553 402 3611 facilem
417 3553 479 3612 vitii
497 3537 638 3630 originem
653 3551 830 3628 respicienti,
852 3551 962 3611 nullum
978 3554 1033 3630 est,
1057 3551 1125 3626 quin
1142 3553 1222 3611 Sue-

106 3656 204 3715 tonius
223 3659 361 3716 adtenuati
378 3645 536 3731 sumpserit.
564 3729 566 3736 Ι

82 3779 97 3806 “
171 3775 242 3862 cn]
265 3785 297 3841 Ρ.
323 3783 381 3841 Gn.
399 3784 431 3842 Β.
458 3786 491 3838 ut
513 3782 661 3839 ltcrusius
674 3784 765 3861 tinen,
790 3764 864 3855 duae
890 3778 1011 3838 nominis
1026 3781 1118 3837 forma
1141 3775 1220 3834 nihili

107 3892 161 3948 est.
191 3886 230 3944 V.
254 3884 291 3941 ml
315 3887 451 3956 anpnn.
475 3886 511 3942 (le
526 3884 600 3957 orig.
622 3884 675 3946 iur.
696 3903 724 3958 p.
745 3884 796 3946 32.
811 3888 874 3947 l’ar.
887 3884 949 3947 CN.
963 3881 1043 3942 Harl
1059 3880 1114 3940 On.

171 4001 222 4088 0.]
247 4009 315 4090 l’ar.
341 4010 370 4064 et
393 4006 473 4066 llari,
496 4009 613 4066 Murco.

170 4104 251 4190 aum]
276 4114 321 4169 lta
345 4111 425 4172 llari,
446 4115 476 4168 et
499 4111 557 4169 PR.
581 4111 684 4174 l'rnss.
705 4126 800 4186 quum
823 4109 921 4172 editu.
944 4110 1018 4166 ven.
1042 4123 1140 4183 quum,

76 4219 81 4225 ‘
169 4214 323 4290 Memmia]
346 4215 418 4272 Sola
438 4214 752 4294 reverentiaadversus
767 4209 805 4276 Ρ.
818 4213 934 4291 duetus,
947 4212 1034 4270 unius
1045 4213 1219 4288 sumpturam

309 4318 315 4326 '
995 4312 1011 4362 5
