3038 5032
548 363 799 440 ..15-

112 561 299 638 Ciceronis
326 555 511 658 epistolae,
536 549 742 632 cnm'liliam
769 561 915 660 patroni,
944 565 1080 660 nuptam
1110 561 1231 637 llarco

110 667 308 785 Agrippae,
332 680 495 784 duceret,
518 690 706 780 suspectus
730 685 763 755 in
786 705 829 757 ea
849 679 955 758 et-ob
977 679 1045 757 lroc
1060 693 1231 778 remotus,

110 803 160 878 ad
180 806 283 879 Corn.
306 800 441 876 Gallum
457 825 498 876 se
520 800 686 884 corutulit:
707 806 864 902 vixitque
878 827 947 876 una
961 801 1231 896 familiarissime,

112 925 211 1024 quod
243 928 308 1026 ipsi
336 922 436 997 Gallo
464 926 553 998 inter
577 926 787 1020 gravissima
819 927 962 999 crimina
994 924 1038 999 ab
1070 927 1231 1024 Augusto

111 1047 286 1122 obiicitur.
338 1046 424 1118 Post
458 1040 587 1119 deinde
618 1041 869 1120 damnationem
905 1054 1117 1144 mortemque
1143 1045 1233 1120 Galli
1252 1053 1282 1118 2.

113 1165 273 1242 scholam
294 1167 439 1266 aperuit,
466 1164 531 1239 sed
561 1173 598 1240 ut
624 1169 745 1264 paucis
773 1174 808 1242 et
836 1175 964 1241 tantunr
990 1167 1231 1244 adolescenti-

113 1289 183 1366 bus
206 1291 437 1389 praeciperet,
456 1293 679 1387 praetextato
694 1291 828 1396 nemini,
851 1292 914 1362 nisi
936 1293 965 1362 si
986 1292 1084 1364 cuius
1097 1295 1232 1391 parenti

112 1411 188 1486 hoc
216 1409 366 1486 otfiotun
395 1397 530 1506 negare
555 1432 623 1482 nnn
644 1407 778 1507 posset.
820 1411 952 1483 Primus
973 1409 1098 1486 dicitur
1114 1410 1232 1488 Latine
1254 1419 1283 1483 3.

112 1557 164 1606 ex
193 1538 352 1630 tempore
379 1527 596 1629 disputasse,
629 1531 826 1628 primusque
853 1531 1044 1631 Vergilium
1076 1540 1111 1608 et
1142 1532 1232 1608 alius

113 1659 245 1754 poetas
272 1677 386 1729 novos
414 1649 624 1752 praelegere
651 1655 834 1751 coepisse,
859 1653 952 1751 quod
980 1657 1082 1729 etiarn
1108 1655 1232 1729 Domiti
1347 1657 1352 1670 '

112 1777 223 1850 Marsi
252 1772 460 1878 versiculus
477 1771 623 1864 indicat,

274 1933 426 2030 Epirota,
459 1927 664 2004 tenellorum
692 1931 863 2004 nutricula
889 1941 1015 2024 uatum.

199 2108 301 2182 XVII.
328 2105 372 2178 ill.
400 2105 590 2179 Verrius
617 2103 834 2195 Flaccus,
866 2105 1058 2201 libertinus,
1081 2108 1232 2186 ducendi
1257 2130 1285 2196 t.

116 2252 256 2330 genere
270 2229 416 2300 nranirne
436 2223 605 2300 inclaruit.
623 2226 776 2322 Namque
790 2225 834 2298 ad
851 2227 1232 2305 exercitandadiscen-

114 2357 199 2426 tium
222 2351 361 2447 ingenia
374 2345 541 2454 aequales
563 2348 653 2422 inter
674 2370 715 2420 se
735 2351 948 2423 committere
972 2349 1119 2442 solebat,
1146 2378 1232 2453 pro-

114 2475 234 2574 posita
271 2493 339 2545 non
373 2467 484 2543 solum
519 2471 680 2559 materia,
718 2492 816 2565 quam
850 2470 1063 2563 scriberent,
1099 2472 1163 2550 sed
1198 2484 1235 2568 et

117 2595 291 2695 praemio,
318 2588 411 2688 quod
439 2591 553 2665 victor
588 2589 751 2665 auferret
804 2589 842 2663 ld
879 2598 954 2665 erat
986 2594 1075 2669 liber
1110 2596 1234 2693 aliquis

115 2717 279 2810 antiquus
298 2709 445 2812 pulcher
465 2717 524 2782 aut
547 2713 665 2784 rarior.
703 2711 818 2798 Quare
841 2711 883 2785 ab
906 2714 1067 2812 Augusto
1095 2741 1233 2816 quoque
1254 2748 1283 2811 2,

116 2833 304 2935 nepotibus
332 2835 408 2907 eius
436 2839 647 2934 praeceptor
675 2832 822 2922 electus,
850 2837 982 2907 transiit
1010 2839 1041 2908 in
1068 2837 1233 2911 Palatium

8 3001 12 3010 ·
116 2979 196 3031 cum
225 2962 297 3029 tuta
324 2951 459 3045 schola,
487 2976 608 3028 verum
635 2960 673 3026 ut
700 2977 870 3050 nequem
907 2955 1052 3056 amplius
1084 2959 1234 3058 postlrac

117 3076 326 3180 discipulum
340 3081 532 3177 reciperet:
546 3076 735 3176 docuitque
749 3078 782 3148 in
797 3079 884 3150 atrio
907 3077 1086 3155 Catulinae
1099 3079 1233 3174 doinus,

118 3224 210 3297 quae
245 3223 336 3301 pars
364 3199 484 3272 Palatii
520 3207 602 3273 tunc
638 3208 730 3291 erat,
764 3207 801 3273 et
833 3208 983 3275 centena
1011 3206 1174 3277 sestertia
1201 3206 1235 3276 in

118 3347 251 3418 annum
271 3323 419 3422 accepit.
458 3323 624 3394 Decessit
656 3323 781 3394 aetatis
819 3329 970 3396 exactae
996 3323 1060 3396 sub
1086 3324 1234 3404 Tiberio.
1254 3349 1285 3414 3,

119 3444 274 3517 Statuam
294 3440 398 3517 habet
421 3443 614 3516 Praeneste
641 3444 672 3514 iu
701 3446 882 3543 superiore
909 3442 973 3519 fori
1001 3453 1114 3547 parte,
1139 3452 1235 3523 circa

121 3562 384 3663 hemicyclium:
411 3568 443 3637 in
460 3587 528 3662 quo
542 3564 668 3636 Festos
687 3586 708 3635 a
725 3587 766 3639 se
788 3561 967 3639 ordinatos
987 3573 1022 3640 et
1044 3592 1234 3645 marmoreo

120 3688 243 3788 parieti
269 3689 401 3761 incisos
428 3685 678 3790 publicaverat.

198 3844 316 3919 XVlll.
350 3843 511 3921 Lucius
548 3845 815 3938 Crassitius,
849 3865 985 3945 genere
1018 3850 1235 3944 Tarentinus,
1257 3876 1287 3942 1,
1421 3825 1425 3832 ¹
1513 3818 1514 3832 ,

120 3964 260 4041 ordinis.
278 3964 444 4058 libertini,
472 3968 679 4064 cognomine
705 3965 879 4061 Pasicles,
914 3993 995 4044 nrox
1023 3971 1167 4046 Pansam
1194 3998 1236 4054 se
1278 3991 1282 3996 ·

121 4089 419 4166 transnomiuavit.
465 4087 529 4162 Hic
563 4090 658 4164 initio
685 4092 781 4164 circa
807 4089 949 4165 scenam
978 4099 1141 4168 versatus
1168 4103 1234 4190 est,
1258 4120 1288 4188 2

121 4209 202 4286 dnm
229 4205 485 4312 mimographos
510 4208 674 4289 adiuvat:
709 4211 838 4292 deinde
870 4215 904 4288 in
931 4215 1079 4317 pergula
1104 4215 1236 4314 docuit,
