3038 5032
525 369 777 442 ...Π-

38 651 43 666 ἢ
112 583 167 658 pro
182 561 401 658 grammatico
416 562 546 636 moneri
562 559 665 636 datus
688 571 755 636 est.
787 563 849 638 Cui
865 583 942 636 oum
960 587 1002 638 so
1018 572 1153 661 gratum
1175 573 1212 642 et
1232 578 1252 640 ἓ

113 690 281 780 uuoeptunr
303 683 335 754 in
360 679 496 754 mudum
517 685 615 756 anioi
636 679 787 772 videret,
807 706 1007 778 quamquam
1028 694 1214 760 asserente

113 810 217 894 matre,
232 804 418 901 permansit
432 810 546 876 tamen
560 804 592 874 in
609 810 707 873 statu
717 805 909 894 servitutis,
923 812 1215 902 praesentemque

113 921 333 998 uuirditionem
349 923 607 1018 reraeorigini
624 924 824 1021 anteposuit
834 951 851 1012 3.
871 931 978 1020 quare
999 926 1070 1000 oito
1092 949 1215 1005 marm-

113 1045 235 1137 missus,
259 1045 422 1140 Augusto
438 1046 539 1117 otiam
553 1044 746 1118 insinuatus
764 1051 836 1120 est:
856 1067 930 1142 quo.
943 1043 1134 1142 delegante
1149 1069 1215 1123 ou·
1262 1037 1271 1046 ’

114 1189 175 1238 rmn
188 1163 452 1240 ordinandarum
470 1161 758 1240 bibliothecarum
771 1168 802 1238 iu
817 1168 987 1242 Octaviae
1002 1171 1137 1267 portien
1151 1191 1216 1244 su·

113 1289 224 1385 soepit.
252 1287 377 1393 Atque,
392 1295 430 1358 ut
442 1289 520 1384 ipse
540 1283 930 1384 tradit,sexagosimum
952 1291 1077 1362 aetatis
1090 1312 1215 1362 anunm
1237 1283 1267 1347 3·

111 1429 221 1502 agens,
236 1407 376 1483 libellus
392 1409 674 1505 Ineptiorum,
692 1410 748 1503 qni
764 1429 854 1482 unire
867 1408 973 1482 loeo
984 1433 1071 1482 rum
1087 1412 1215 1484 inscri-

112 1525 233 1617 hmrtur,
244 1550 457 1627 componere
467 1529 609 1600 institnit
619 1526 842 1624 absolvitque
851 1519 1215 1625 uelrtunretquinqua·

111 1650 207 1743 ginta,
221 1648 345 1746 quibus
362 1655 398 1723 et
411 1647 501 1728 alios
515 1646 647 1738 diversi
666 1650 785 1747 operis
806 1656 931 1747 postea
947 1647 1091 1723 addidit.
1116 1651 1217 1726 Feoit
1237 1660 1268 1728 4.

111 1777 141 1840 st
168 1789 293 1844 uorum
323 1789 439 1865 genus
459 1776 651 1866 togatarum
681 1772 927 1870 inscripsitque
955 1771 1217 1848 Trabeatas.

178 1887 279 1960 Xllll.
312 1887 482 1962 Marcus
507 1889 765 1988 Pomponius
786 1889 1048 1988 lllaruellos,
1077 1909 1216 1969 surmus¹
1244 1899 1269 1961 t.

113 2009 158 2078 nis
171 2007 276 2080 halim
297 2016 448 2082 ¹enrmtor
461 2009 737 2098 molestissimus,
760 2014 792 2084 in
811 2010 1049 2088 adruentiune
1071 2011 1217 2110 quadam

112 2137 197 2219 trram
218 2127 448 2214 inierdmnet
469 2149 616 2212 caussas
633 2131 782 2230 agebat)
809 2133 1053 2209 soloecismum
1081 2132 1124 2208 ab
1150 2133 1218 2208 ad·

113 2256 261 2326 versario
282 2252 408 2332 iactum
429 2277 541 2350 usque
562 2253 654 2329 aneo
668 2277 820 2351 arguere
834 2256 1089 2353 perseveravit,
1103 2251 1220 2349 quoad

112 2371 243 2446 Cassius
264 2375 437 2463 Severus,
465 2373 693 2472 interpellatis
719 2371 900 2461 iudicibus,
928 2367 1128 2445 dilationem
1152 2396 1219 2473 pe-

110 2493 172 2566 tiit:
206 2503 241 2570 ut
278 2493 432 2594 litigatur
468 2519 555 2566 suns
589 2493 691 2568 alium
726 2495 986 2590 grammaticum
1019 2491 1251 2574 adhiberet:-

111 2613 238 2708 quando
264 2641 334 2690 uun
360 2625 458 2716 putat
477 2619 515 2689 is
541 2637 618 2690 enm
644 2596 851 2690 adversario
877 2612 923 2690 de
950 2617 1024 2688 iure
1051 2613 1127 2706 sihi,
1152 2615 1219 2690 sed

110 2730 150 2806 de
172 2736 385 2812 soloecismo
411 2739 689 2812 oontroversiam
716 2733 872 2811 futuram.
923 2738 987 2810 Hio
1019 2732 1109 2810 idem
1136 2756 1214 2810 uum
1240 2748 1271 2812 ἓ.

110 2875 150 2926 en
176 2861 336 2933 oratioue
362 2858 532 2935 Tiberium
560 2855 863 2957 reprehendisset,
887 2856 1080 2932 affirmante
1101 2858 1220 2934 Atteiu

111 2974 289 3074 Capitone,
316 2989 377 3069 „et
403 3001 489 3052 esse
516 2976 601 3050 illud
622 2977 773 3062 Latinum
801 2985 855 3068 et,
882 2980 912 3050 si
939 3002 1008 3055 uun
1032 2986 1141 3071 esset,
1161 2978 1219 3052 fu·

110 3100 210 3168 turum
239 3105 342 3172 uerte
368 3100 434 3170 iam
468 3095 594 3172 inde“:‘
625 3097 821 3188 ,Mentitus
851 3099 969 3196 inquit,
999 3099 1132 3200 Capito.
1167 3101 1220 3172 Tu

111 3217 200 3318 enim,
228 3218 379 3310 Caesar,
414 3220 592 3292 civitatem
618 3216 705 3294 dare
732 3229 836 3318 potes
862 3220 1072 3311 homiuibus,
1106 3218 1218 3296 verbo

113 3358 171 3409 rrun
196 3347 337 3439 potes.“
388 3339 545 3438 l’ugilem
579 3340 659 3435 olim
686 3339 797 3417 fuisse
822 3341 966 3416 Asinius
993 3338 1114 3416 Gallus
1147 3337 1217 3418 huo
1239 3356 1272 3424 3.

110 3455 138 3526 in
156 3480 238 3548 eum
265 3463 521 3568 llpigraunuste
547 3460 724 3542 ostendit:
898 3451 903 3458 ’

186 3582 269 3670 ¹Qui
295 3593 403 3683 eaput
423 3581 470 3656 od
496 3579 633 3658 laevam
659 3569 791 3675 didicit,
814 3582 1030 3682 glossemata
1044 3584 1145 3662 nubis

256 3707 449 3804 praecipit:
476 3726 520 3777 os
547 3701 686 3794 nullum,
710 3703 773 3778 vel
798 3707 915 3802 potins
941 3704 1089 3804 pugilis!

176 3824 295 3900 XXlll.
328 3825 526 3914 Quintus
552 3825 775 3900 Remmius
795 3823 1054 3916 Palaemon,
1082 3826 1216 3900 Viuen·
1239 3835 1270 3902 1.

110 3941 202 4036 tinus,
225 3945 380 4021 mulieris
394 3969 517 4038 verua,
535 3947 657 4047 primo,
678 3951 715 4016 nt
727 3943 853 4036 ferunt,
868 3946 1064 4035 textrinum,
1077 3941 1219 4040 deiude,

110 4060 242 4140 herilem
269 4067 376 4142 lilium
396 4066 479 4146 dnm
496 4069 680 4144 comitator
699 4069 734 4140 in
752 4063 921 4157 sonulam,
939 4063 1061 4142 literas
1081 4064 1219 4145 didiuitr

109 4196 225 4282 postes
239 4193 481 4282 manumissus,
506 4187 627 4264 doouit
646 4173 860 4279 idumaeae
886 4188 1076 4287 prinoipem
1102 4188 1218 4268 loom

991 4308 1009 4356 u
