3038 5032
541 482 595 500 -
646 442 831 519 rixi*-

513 631 732 699 Berodnensis
753 631 845 716 (B.).

190 732 370 822 Quonimns
392 733 479 800 hunc
502 734 648 801 codicem
670 738 705 800 in
726 735 804 803 bibl.
835 735 935 823 Regia
959 733 1105 802 Berolini
1127 743 1238 804 serva·

124 847 193 901 tum
216 846 367 902 accurate
398 837 597 922 describam,
621 841 722 918 otium
745 841 822 905 fecit
844 837 978 905 Wilkeu
1001 837 1120 908 Gesch.
1144 841 1176 908 d.
1198 836 1239 906 K.

126 937 209 1002 Bibl.
232 959 272 1002 zu
296 937 405 1003 Berlin
426 961 458 1024 p·
473 941 547 1006 225.
576 944 736 1027 Aetatem,
761 964 824 1029 qua
847 943 1052 1030 conscriptus
1076 947 1138 1028 es't,
1161 966 1238 1032 pro·

35 1092 38 1096 .
127 1042 174 1106 dit
196 1042 411 1128 subscriptio:
437 1045 623 1127 „Antonius
646 1045 831 1114 Sinibaldus
859 1047 1065 1114 Florentinus
1091 1047 1241 1115 illustris·

128 1163 201 1236 simi
224 1161 352 1227 Domini
367 1141 423 1228 lui
432 1165 560 1230 loannis
581 1165 622 1231 de
636 1151 800 1253 Aragouia
814 1145 963 1234 familials
985 1170 1141 1254 excripsit
1157 1169 1242 1234 Nea·

25 1269 28 1274 ’
127 1265 195 1352 poli
217 1263 521 1332 MCCCCLXXVll.
552 1263 620 1334 lun.
649 1263 778 1355 ΧΧῚῙ.ιι
818 1271 850 1333 Α
881 1269 1047 1338 codicibus
1075 1271 1115 1335 iis
1123 1317 1133 1354 ,
1161 1290 1239 1356 quo·

127 1390 200 1436 rum
223 1369 438 1436 conditionem
467 1384 618 1438 accurate
649 1394 748 1440 nosse
781 1374 874 1439 nobis
903 1375 1056 1460 contigit,
1085 1373 1117 1440 b.
1145 1393 1173 1438 e.
1204 1372 1241 1437 P.

126 1473 203 1538 Par.
218 1484 251 1538 et
264 1471 364 1556 Harl,
380 1493 421 1539 eo
435 1474 551 1559 differt,
572 1477 659 1562 quod
677 1477 753 1542 dum
769 1477 799 1542 hi
816 1474 986 1562 Dialogum
1003 1475 1044 1540 de
1058 1477 1243 1542 oratoribus

128 1596 193 1640 una
216 1576 379 1660 exhibent,
403 1577 457 1644 ille
480 1579 549 1643 eius
572 1577 646 1643 loco
668 1574 761 1642 Vitas
784 1577 959 1644 Caesarum
982 1577 1023 1644 ab
1048 1577 1161 1644 eadem
1178 1597 1244 1642 ma·

129 1667 181 1743 nu*
197 1681 334 1764 scriptas
358 1681 512 1765 continet,
536 1691 601 1745 tum
621 1680 709 1766 quod
722 1701 762 1746 eo
785 1691 934 1768 tempore
958 1683 1163 1766 conscriptus
1181 1692 1243 1764 est,

8 1803 15 1814 ·
128 1803 195 1868 quo
218 1782 319 1848 libelli
340 1782 381 1848 de
404 1775 600 1851 Grammsset
623 1783 663 1850 de
686 1782 780 1851 [thet.
802 1785 889 1872 typis
911 1785 974 1850 iam
999 1786 1148 1870 cupressi
1176 1785 1245 1850 lue·

128 1897 214 1951 runt.
254 1883 305 1951 Ex
333 1883 495 1972 impresso
520 1885 628 1970 autem
658 1887 808 1972 exemplo
831 1909 904 1954 eum
935 1890 1132 1974 descriptum
1156 1910 1243 1974 esse,

128 1989 379 2076 haudquaquam
409 1991 562 2056 credibile
591 2003 658 2076 est,
690 2012 789 2078 quum
820 1992 938 2059 multas
960 2004 1104 2078 praestet
1134 1987 1245 2058 lectio·

130 2087 413 2178 nes'peculiares,
437 2115 520 2180 quae
542 2097 584 2161 ab
606 2116 644 2161 ea
669 2107 758 2161 certe
780 2095 922 2161 editione
944 2096 1121 2179 anteriore,
1148 2117 1245 2184 quam

130 2199 227 2264 unice
257 2198 419 2282 inspicere
442 2199 519 2264 mibi
547 2198 647 2283 licuit,
677 2199 806 2265 absunt.
839 2197 939 2265 lmmo
962 2221 1035 2265 cum
1058 2199 1094 2264 P.
1116 2199 1191 2266 Par.
1213 2193 1249 2265 et

132 2299 221 2366 Harl.
244 2299 390 2385 plurimis
412 2300 495 2368 locis
517 2303 694 2387 conspirat,
717 2313 773 2368 aut
795 2301 828 2366 in
850 2301 1067 2386 discrepantia
1089 2321 1247 2397 nonnum·-

135 2424 234 2491 quam
264 2405 457 2488 scripturam
486 2406 649 2491 puriorem
678 2404 831 2470 exhibet:
871 2424 977 2492 neque
1006 2415 1113 2470 tamen
1141 2425 1182 2470 ex
1208 2404 1247 2469 P.

134 2507 320 2592 descriptus
342 2517 409 2590 est,
436 2497 523 2594 quod
546 2507 599 2573 vel
622 2528 706 2574 unus
728 2492 822 2574 locus
843 2501 937 2575 Rhet.
962 2509 978 2572 1
1003 2509 1162 2598 accepsiti
1176 2515 1251 2574 sunt

135 2610 291 2694 ostendit,
322 2611 377 2682 ubi
400 2631 592 2697 quamquam
615 2611 702 2676 idem
732 2613 912 2698 scripturae
934 2613 1046 2677 vitium
1069 2611 1181 2698 offert,
1203 2622 1251 2676 ta·

133 2734 209 2780 men
225 2717 427 2804 ¹correctura
455 2713 656 2800 destituitur,
687 2736 771 2802 quae
802 2716 835 2779 iu
866 2715 903 2780 P.
933 2715 1062 2802 legitur.
1103 2713 1154 2779 Ex
1184 2735 1249 2780 uuo
1363 2743 1365 2748 ’

135 2827 244 2882 autem
269 2816 358 2886 tonte
387 2817 523 2883 fluxisse
551 2838 610 2884 eos
634 2838 747 2910 omnes
770 2817 885 2901 libros,
912 2829 1049 2886 testatur
1071 2829 1139 2884 tum
1162 2838 1251 2883 ccm-

135 2921 244 2986 munis
266 2913 427 3004 universis
452 2921 594 3006 conditio
616 2920 717 2987 libelli
741 2922 781 2986 de
804 2921 898 2989 Rhet.
929 2917 990 2988 sub
1017 2921 1114 2988 finem
1137 2921 1251 3004 mutili,

134 3021 206 3089 tum
228 3023 381 3090 mirificus
402 3022 457 3090 ille
481 3045 662 3092 consensus
684 3027 718 3090 iu
740 3025 876 3110 lacunis,
897 3026 997 3091 veluti
1015 3023 1071 3092 Gr.
1087 3023 1155 3091 c.7
1178 3025 1251 3090 lim:

46 3143 55 3160 ‘
137 3149 180 3192 ex
203 3145 268 3214 quo
291 3137 409 3211 tamen,
433 3139 587 3215 quantum
610 3129 650 3194 ad
668 3127 727 3214 Β.,
743 3127 815 3195 Ιιιοι]
838 3130 1049 3215 consequitur
1071 3139 1105 3194 ut
1123 3147 1196 3192 eum
1212 3147 1252 3191 ex

136 3231 174 3298 P.
200 3230 399 3317 descriptum
418 3233 609 3318 credamus-3
630 3233 785 3303 nonnulla
800 3235 888 3298 enim
907 3227 1005 3298 babet
1027 3227 1155 3316 propria
1169 3249 1253 3315 quae

114 3331 229 3402 'certe
257 3335 335 3403 aP.
358 3336 485 3402 absunt.
523 3337 675 3404 Proxime
704 3349 811 3402 tamen
839 3334 966 3405 accedit
995 3333 1036 3398 ad
1064 3329 1101 3404 P.
1124 3333 1253 3420 quicum

137 3443 172 3506 in
196 3439 357 3505 nonnuliis
380 3439 587 3525 peculiariter
609 3442 791 3526 conspirat,
820 3438 909 3505 velut
938 3433 1030 3503 Rbet.
1054 3437 1076 3504 6
1097 3438 1129 3502 in
1152 3459 1182 3502 v.
1206 3437 1256 3502 tu·

139 3567 213 3612 men
234 3564 302 3610 non
324 3558 357 3610 et
380 3543 498 3610 ibidem
520 3545 553 3608 in
574 3543 658 3611 falso
681 3542 842 3630 explicata
866 3541 1027 3626 scriptura
1044 3539 1257 3628 'personalem

140 3670 202 3738 pro
220 3648 461 3738 proconsulem
494 3647 644 3714 Ceterum
666 3667 731 3715 uon
753 3649 824 3734 ipse
839 3645 977 3730 contuli,
998 3645 1057 3711 sed
1070 3647 1141 3712 eius
1158 3663 1255 3730 quum

140 3750 287 3822 notitiam
309 3754 350 3819 ab
374 3741 414 3819 eo
437 3753 512 3818 inde
533 3765 681 3840 tempore
702 3753 868 3836 haberem,
892 3770 958 3837 quo
980 3769 1153 3835 numquam
1176 3747 1256 3812 satis

20 3871 26 3877 ·
143 3857 362 3950 praedicanda
380 3840 579 3924 ‘iiberalitate
601 3880 620 3925 a
640 3859 856 3925 ursionem
878 3855 1051 3941 praesens
1074 3851 1149 3920 mint
1179 3848 1256 3916 ano·-

141 3965 279 4032 lescenti
303 3962 376 4028 data
408 3962 564 4027 librorum
586 3963 821 4050 impressorum
841 3961 1101 4048 scriptorumque
1128 3953 1258 4022 thesau-

141 4091 199 4136 ros
216 4069 286 4134 eius
302 4065 499 4134 bibliotheae
517 4066 653 4132 rimandi
674 4065 766 4131 venia
788 4085 887 4149 usus,
911 4063 1005 4128 etiam
1020 4059 1054 4124 in
1068 4057 1155 4122 bunc
1170 4056 1259 4124 codi-

143 4165 217 4240 cem
238 4171 428 4238 incidissem
451 4170 688 4258 nounullasque
717 4169 875 4241 lectiones
898 4165 1061 4232 variantes
1083 4161 1115 4226 in
1138 4159 1258 4228 chartis

143 4278 342 4364 retulissem,
366 4275 411 4342 lo.
430 4275 585 4368 llhlinger
600 4271 862 4364 Wetzlarieusis,
885 4269 1075 4380 Seuriuario¹
1088 4265 1164 4357 phil.
1186 4265 1259 4336 Gis·
