3054 5000
520 361 830 436 ...n-

213 555 378 636 Caeciius]
398 557 621 618 italletPll.
642 573 710 616 αιι
731 557 864 633 algoto,
885 557 1261 640 mund-caera,

151 667 213 722 Par.
238 678 306 722 enm
329 667 402 722 van
426 664 567 720 cecilius.
771 631 778 656 ⁸

209 766 350 842 Epirota]
373 770 448 826 Ven.
469 772 597 841 eppmtu
1237 829 1250 854 ν

208 871 317 946 Attici]
347 870 426 927 Satis
457 875 572 926 vetusta
599 870 683 926 labes
712 870 792 926 lrnnc
819 871 917 928 locun
944 869 1091 940 usurpet,
1123 873 1156 934 l’.
1177 875 1261 933 sulti.

147 977 225 1035 tlnrl.
257 982 287 1032 et
320 976 387 1054 Par!
417 987 483 1030 cnm
512 973 586 1031 Van.
616 977 691 1032 Soet
733 977 817 1032 Unus
846 977 882 1036 lt.
907 981 991 1030 recte
1018 973 1118 1034 ΑΜ.
1149 974 1262 1048 Quippe

146 1080 220 1150 quod
254 1077 321 1135 olinr
348 1077 526 1149 vulgabatur
555 1077 645 1134 Arria·
673 1079 778 1154 Sari,
808 1077 864 1134 ian
891 1081 971 1151 patet
999 1094 1037 1134 ex
1064 1077 1262 1152 dittograpbia

144 1181 268 1238 nominis
301 1181 398 1256 Attici,
433 1196 489 1238 noo
510 1188 592 1238 recte
621 1181 778 1254 perspecti,
800 1196 998 1252 pronaum
1032 1183 1146 1260 W,
1175 1183 1262 1240 cuius

143 1289 208 1344 loco
232 1286 387 1344 Ernestius
416 1286 516 1342 Patris
549 1285 674 1358 volebat,
705 1285 816 1354 primus
838 1285 946 1340 delerit
975 1284 1206 1361 Oudendorpiua,
1228 1293 1261 1344 ut

142 1391 234 1449 Attici
256 1391 349 1448 solum
368 1389 594 1462 relinqueretur,
616 1388 694 1459 qnod
717 1389 824 1446 abtrinc
855 1388 1006 1447 ediderunt
1027 1393 1057 1444 et
1077 1388 1209 1446 wolfius
1231 1395 1261 1444 et

142 1493 305 1552 llCrusius.
340 1491 442 1553 Recte.
477 1493 522 1548 lle
549 1491 650 1549 Attico
673 1493 749 1548 enirn
770 1491 905 1548 Tulliano
927 1490 995 1565 agi,
1033 1494 1260 1547 commonstrant

142 1615 199 1656 non
222 1598 318 1654 solum
340 1612 415 1668 quae
436 1595 594 1652 Suetonius
624 1595 660 1650 de
682 1595 812 1666 epistolis
839 1594 989 1652 Ciceronis
1019 1594 1260 1672 commemorarit,

141 1703 193 1758 sed
226 1700 312 1757 etiarn
332 1714 407 1770 quae
428 1699 548 1770 insuper
569 1698 756 1772 adiiciuntur,
779 1713 974 1772 magnacum
996 1697 1208 1772 probabilitate,
1230 1698 1260 1755 irl

141 1806 218 1877 quod
247 1805 303 1868 ianr
332 1803 473 1875 Vinctus,
508 1815 592 1872 quern
616 1801 691 1877 ride,
714 1801 788 1858 bene
816 1807 1017 1874 perspexerat.
1062 1805 1109 1862 Ac
1138 1802 1259 1876 primum

140 1925 205 1966 curn
228 1925 264 1965 re
291 1907 354 1980 ipsa
380 1906 521 1979 congruit
545 1907 667 1962 Caecilii
689 1921 802 1980 nornen,
831 1903 1035 1978 quippequod
1059 1905 1181 1962 libertus
1204 1923 1259 1966 ao·

140 2012 253 2084 ceperit
275 2029 293 2068 a
315 2015 453 2083 patrono,
477 2025 579 2088 quern,
603 2014 756 2082 postquam
778 2013 951 2068 testamento
971 2009 1110 2067 auunculi
1132 2011 1166 2078 0.
1179 2010 1259 2066 Goe-

140 2116 196 2172 cilti
218 2115 374 2188 adoptatus
396 2113 460 2187 fuit,
484 2117 599 2170 constat
612 2113 734 2170 Caecilii
747 2128 851 2170 uomen
874 2109 1080 2188 adsumpsisse.
1106 2112 1142 2168 V.
1159 2113 1258 2169 Orellii

140 2221 289 2278 onomast.
313 2236 341 2290 p.
364 2218 436 2276 482.
467 2217 549 2286 ouon
571 2233 658 2290 quum
683 2235 711 2278 a.
733 2233 763 2276 u.
788 2231 815 2274 c.
839 2215 902 2274 696
924 2217 1035 2272 facturn
1058 2215 1105 2290 sit,
1126 2214 1155 2274 id
1173 2215 1257 2281 simul

138 2322 243 2380 indicio
267 2319 403 2392 temporis
426 2325 486 2392 est,
517 2336 574 2392 quo
597 2321 709 2378 demum
739 2321 840 2392 elapso
869 2320 960 2377 Attici
989 2321 1127 2381 serrulua
1150 2336 1256 2378 mauu·

27 2439 28 2460 ²
137 2428 246 2486 missus
268 2425 372 2512 fuerit·
402 2426 475 2480 'l'um
497 2425 619 2480 Tusculi
641 2431 727 2482 natus
750 2424 827 2482 unde
848 2425 989 2497 Epirotae
1011 2439 1175 2498 cognomen
1199 2441 1255 2482 ac·

27 2525 28 2550 ³
137 2530 248 2604 ceperit
271 2527 420 2601 quaerenti
441 2527 588 2584 succurrit
606 2527 684 2600 qnod
702 2528 820 2587 Atticus
837 2529 957 2604 Epirum
979 2545 1036 2586 non
1060 2529 1153 2588 solum
1176 2530 1254 2588 mul-

137 2635 223 2692 toties
255 2633 333 2707 adiit,
363 2632 414 2690 sed
445 2630 483 2687 ibi
514 2631 599 2688 etiam
631 2631 772 2702 eruptione
802 2633 924 2690 lundona
954 2633 1064 2709 habuit,
1094 2650 1151 2706 quo
1174 2641 1254 2693 certe

136 2755 226 2796 sensu
247 2736 369 2794 arbitror
392 2736 561 2792 Ciceronem
583 2736 620 2792 ad
637 2738 699 2794 Att.
723 2738 747 2810 1,
773 2737 803 2810 5,
828 2738 845 2792 7
870 2738 906 2793 rte
929 2741 1075 2812 emptione
1092 2736 1155 2794 eius
1174 2739 1252 2812 Epir

135 2847 230 2899 relico
252 2842 380 2899 locutum
400 2855 483 2896 esse:
506 2839 583 2896 uude
606 2839 743 2896 credibile
758 2845 813 2916 est,
830 2845 972 2912 parentes
987 2838 1124 2910 Epirotas
1143 2838 1171 2896 in
1186 2841 1251 2896 lto-
1327 2827 1331 2832 ⁵

134 2945 201 3004 liano
225 2949 312 3017 atque
334 2943 491 3027 'fusculum
514 2943 627 3013 quidem
647 2942 775 3000 'transire
798 2943 833 2999 ab
857 2942 927 3000 hero
949 2943 1050 2999 Attico
1067 2941 1163 3000 iussos
1175 2957 1252 2999 ease·

135 3047 210 3104 Hinc
233 3061 341 3102 vernae
363 3059 524 3118 cognomen
546 3044 693 3122 Epirotae,
717 3061 774 3118 quo
803 3051 886 3118 pater
908 3047 973 3104 eius
1001 3047 1166 3122 appellatos
1187 3046 1249 3106 ruit.

168 3204 170 3210 ,
198 3149 335 3225 Romani]
358 3151 424 3210 Par.
446 3154 475 3206 et
498 3149 579 3208 Harl.
603 3151 660 3208 lto.
766 3197 769 3202 .

199 3249 353 3330 epistolae]
378 3254 438 3310 PE.
461 3255 591 3326 optume.

139 3433 144 3439 Ι
200 3357 279 3432 cum]
304 3360 336 3418 B.
359 3373 462 3432 quum.
500 3358 575 3413 ven.
599 3372 697 3432 quone.
712 3382 731 3428 ·.

197 3459 298 3535 filiam]
323 3462 397 3520 Ven.
418 3459 490 3529 filio.

197 3561 315 3642 Marco]
339 3565 442 3637 Vulgo
464 3568 509 3627 M.
532 3566 627 3623 etsie
651 3569 718 3626 Par.
741 3567 821 3626 llarl.
846 3571 878 3624 et
898 3569 973 3626 Ven.
994 3561 1070 3626 Illurl
1088 3543 1247 3629 ltcrusius.

198 3663 329 3744 doceret]
354 3671 421 3727 Par.
445 3673 475 3726 et
498 3671 576 3726 llarl.
600 3674 718 3731 diruet.

197 3769 250 3845 ea]
273 3747 384 3828 Statius
408 3775 536 3828 fortasse
557 3773 724 3846 legendum
738 3773 783 3830 uit
801 3791 844 3832 eo.

137 3891 139 3894 ·
195 3870 298 3950 vorm]
322 3874 387 3932 Par.
412 3875 491 3935 Harl.
515 3881 543 3931 et
567 3879 599 3938 Β.
623 3877 806 3956 Cornelium,
830 3881 862 3934 ut
886 3877 986 3950 vulgo.
1046 3862 1051 3867 ’
1135 3952 1140 3961 Ι

198 3979 226 4035 2.
252 3979 324 4034 Post
347 3977 462 4052 deinde]
486 3979 606 4042 Mediol.
626 3986 696 4052 poet
715 3983 794 4040 rode.

194 4079 264 4155 sed]
288 4081 371 4148 Quod
392 4080 581 4154 subsequitur
603 4065 696 4156 vulgo
718 4086 769 4161 tte,
791 4083 876 4142 etiarn
898 4100 916 4140 a
939 4086 973 4145 P.
1001 4079 1167 4160 exhibitum,
1190 4087 1246 4144 de·
1316 4151 1323 4159 ,

131 4184 188 4240 leri
218 4200 285 4241 oum
312 4185 347 4245 Β.
369 4185 450 4248 Harl.
482 4191 511 4242 et
541 4187 624 4262 Par„
657 4201 695 4244 ex
724 4184 942 4260 interpolatione
971 4188 1074 4242 ortum.
1119 4177 1246 4256 Prorsus
