3054 5000
578 357 835 440 ..35-

144 555 242 611 soitum
269 571 343 612 esse
371 553 561 630 librariorum,
593 553 679 613 edioti
708 555 858 629 sequentis
882 555 1019 630 termule,
1054 571 1111 628 quo
1133 573 1205 614 seue
1227 559 1263 616 de
1282 549 1294 563 ⁸

142 657 250 715 Latinis
271 658 441 716 rhetoribus
463 658 571 730 ogitnr,
594 661 788 732 deceptorum.
819 659 899 727 (tomi
918 658 1042 732 Pighius
1065 659 1189 717 oonieoit
1211 665 1263 720 in·

142 766 282 843 quilinio,
318 769 348 820 et
370 782 387 820 a
409 779 441 820 re
464 771 492 819 et
515 781 532 820 u
554 765 620 822 ioco
643 765 855 824 alienissimum.

201 866 286 942 item]
314 869 460 942 Muretus,
484 865 530 923 oui
553 865 683 926 etiams.
707 868 738 926 0.
752 865 935 926 inserendum
951 867 1110 945 videbatur,
1134 876 1164 925 et
1175 867 1262 926 soribi

141 967 267 1028 iubebat.

157 1114 159 1117 -
201 1071 382 1131 Censorium
405 1069 543 1146 edietum]
567 1074 605 1135 Α.
629 1090 657 1129 u.
681 1087 707 1128 o.
734 1071 807 1132 not.

201 1177 349 1253 edietum]
375 1179 448 1235 Ven.
472 1181 612 1239 aedito-m.

202 1281 256 1358 C.]
283 1285 379 1340 Abest
401 1291 419 1338 d
440 1283 473 1341 P.
497 1283 577 1339 ituri.
604 1284 667 1343 Por.
691 1286 720 1339 et
743 1283 834 1358 Ven,
858 1283 906 1356 qni
929 1289 1025 1342 temen
1047 1301 1114 1342 mox
1135 1287 1178 1344 M.
1210 1302 1261 1343 re-

139 1388 301 1448 tinuerunt.
337 1391 476 1446 Notemns
499 1393 607 1446 tactum
638 1389 806 1463 singulare,
841 1389 917 1460 quod
945 1387 1001 1449 SO.
1026 1389 1062 1444 de
1085 1389 1260 1452 Baooheusl.

138 1494 231 1570 initio,
267 1510 329 1568 qno
352 1493 434 1550 ambo
462 1494 571 1566 pariter
594 1494 730 1550 eonsules
761 1491 957 1567 nominentur,
992 1508 1165 1564 praenomen
1187 1491 1260 1570 eius,

139 1597 184 1669 qui
208 1598 336 1669 primum
359 1597 454 1654 locum
477 1596 603 1675 obtinet,
627 1596 724 1654 abest:
748 1597 823 1670 qnod
845 1596 870 1653 si
887 1597 1079 1669 supplendum
1098 1611 1166 1654 esse
1183 1612 1260 1653 non-

85 1763 86 1772 *
140 1702 209 1758 nulli
232 1702 419 1774 indieuruut,
444 1701 470 1758 id
494 1700 582 1757 inrito
608 1701 724 1758 tabulae
746 1705 838 1759 formu
860 1701 939 1778 deri,
971 1701 1083 1758 ostendi
1108 1699 1137 1758 iu
1166 1699 1259 1758 lebnii

140 1806 241 1868 Jahrb.
268 1809 304 1864 Τ.
330 1805 453 1866 nuvu.
478 1822 505 1877 p.
533 1803 601 1863 169.
647 1804 703 1862 liis
725 1805 779 1863 inm
802 1805 994 1878 praenominis
1024 1803 1141 1866 omissio
1164 1821 1200 1862 uu
1224 1805 1260 1864 de

111 1906 115 1914 '
140 1925 218 1967 more
243 1910 343 1983 aliquo
366 1926 403 1966 uu
426 1925 533 1994 onusse
556 1910 699 1983 singulari
721 1913 800 1968 tuoto
822 1911 870 1985 sit,
892 1927 949 1969 non
971 1909 1135 1970 deciderim.
1176 1910 1260 1968 lute-

140 2010 189 2068 rim
214 2015 373 2088 vulgatum
397 2019 527 2088 secutus,
550 2014 743 2085 praenominis
761 2020 855 2072 uotum
870 2015 973 2089 addidi,
996 2017 1059 2076 eB.
1074 2018 1258 2088 suggestam.

204 2115 365 2192 Messalla]
395 2119 440 2175 lto
472 2117 563 2202 vulgo
592 2131 657 2176 oum
680 2122 714 2178 B.
740 2119 774 2176 V.
806 2120 843 2176 od
865 2121 916 2178 tir.
952 2120 981 2180 4.
1026 2120 1093 2178 Per.
1124 2122 1155 2174 et
1177 2097 1272 2174 flori}

142 2237 206 2279 eum
230 2225 309 2282 Ven.
333 2223 407 2279 eolo.
443 2222 476 2280 Ρ.
500 2199 643 2280 diessal.

206 2324 307 2401 eous]
329 2325 373 2383 Its
395 2325 455 2386 PR.
479 2325 551 2382 Harl
584 2328 613 2383 et
633 2325 700 2385 Per.
725 2327 758 2387 Β.
782 2329 815 2383 ut
837 2304 931 2400 vulgo
953 2327 1137 2384 oonsulibus.

205 2431 265 2508 Μ]
291 2425 440 2488 BCrusius
462 2431 597 2488 Morene.
623 2427 697 2489 Veu.
721 2431 796 2489 Mur.

80 2557 84 2572 ¹
205 2538 251 2596 Μ.
264 2533 685 2608 Pomponius—eensneruut':
700 2533 745 2609 ut]
762 2535 875 2596 omittit
889 2539 932 2613 ii,
952 2551 1060 2594 neusse
1073 2548 1129 2594 non
1142 2536 1260 2597 intente.

206 2645 342 2697 senatum
367 2636 527 2712 consuluit]
550 2637 663 2696 Omittit
684 2640 763 2698 Hori.

207 2749 240 2800 et
261 2740 439 2816 rhetoribus]
466 2742 566 2815 Vulgo
589 2743 728 2802 insertum
750 2749 798 2808 de.
821 2746 917 2804 Etiam
939 2745 1025 2804 nertii
1041 2745 1259 2818 oodioesigno·

144 2863 207 2906 rure
234 2849 374 2908 vitientur.
409 2849 475 2905 Per.
499 2865 617 2920 empto
641 2853 737 2923 etde,

208 2955 247 3010 de
269 2970 304 3010 ee
326 2969 358 3010 re
381 2951 449 3028 eto]
472 2953 610 3009 Pleeebot
633 2952 855 3024 CesunbouoS.
878 2967 945 3014 eon.
963 2950 1026 3008 siue
1045 2955 1165 3010 senatus
1184 2965 1260 3009 oon-

145 3058 242 3116 sultus
276 3061 401 3116 censuit.
437 3056 543 3129 Pighio
570 3057 605 3114 P.
629 3073 687 3114 con
717 3055 779 3113 sive
799 3065 902 3131 putrer
925 3058 1062 3115 eontulit.
1102 3057 1163 3114 Sed
1194 3055 1260 3114 vide

145 3161 272 3220 Gronov.
296 3161 333 3217 ed
356 3159 494 3235 Gellium,
524 3137 620 3231 euno
642 3162 681 3221 R.
696 3161 804 3232 ‘steph
832 3162 917 3222 Coss.
941 3160 1076 3236 vinetus,
1107 3161 1259 3238 Muretus,

145 3262 215 3325 Ces.
230 3269 285 3323 ete.
309 3269 353 3322 nte·
369 3267 398 3321 ei
424 3279 525 3337 orep.
549 3264 772 3336 rescripserunt.
802 3267 836 3321 ln
859 3264 923 3321 uiiis
944 3245 981 3321 nt
998 3267 1028 3320 ei
1049 3265 1085 3340 ei.
1108 3262 1168 3320 Sed
1191 3265 1268 3320 tuuo'

27 3367 30 3416 t
144 3380 192 3424 res
216 3369 358 3440 permisso
380 3368 486 3425 fnisset
509 3366 625 3424 arbitrio
646 3366 798 3442 praetoris,
814 3370 900 3428 tutuo.
917 3367 1091 3426 OVDEND.
1113 3364 1193 3427 Nihil
1208 3385 1261 3425 so-

28 3483 29 3490 *
145 3471 211 3529 nius
246 3473 369 3544 vulgato
399 3476 547 3530 contextu.
583 3471 639 3528 SC.
671 3485 716 3542 op.
748 3472 899 3550 tielt.1V,
928 3471 965 3530 d:
998 3473 1086 3542 Quod
1107 3474 1140 3533 C.
1163 3473 1261 3530 runos

27 3559 30 3616 i
142 3576 282 3646 pontifere
304 3579 468 3634 nuretteoit.
484 3618 515 3637 ..
540 3579 577 3632 de
600 3591 636 3632 ea
657 3592 693 3633 re
715 3577 756 3632 ito
778 3583 971 3635 censuerunt.

210 3676 247 3753 si]
283 3679 381 3752 Vulgo
404 3685 457 3758 uti,
480 3685 511 3736 nt
536 3682 618 3743 Harl.
642 3681 803 3739 Genninsm
827 3681 998 3753 seripturum
1031 3695 1107 3737 nuno
1132 3691 1259 3736 resono·

28 3803 30 3828 t
145 3785 201 3838 ium
226 3801 262 3839 ex
286 3795 368 3854 purte
397 3789 554 3842 servarunt
583 3786 615 3843 P.
640 3787 673 3841 B.
697 3791 726 3841 et
747 3787 815 3846 Por.
838 3799 903 3842 oum
935 3786 1011 3842 Ven.
1036 3781 1265 3839 exhibentem!

144 3889 178 3944 si.
212 3889 304 3944 Error
327 3887 392 3943 inde
415 3892 502 3944 nutus
525 3889 601 3959 quod
624 3894 806 3964 curaretpue
828 3888 977 3961 postulare
1006 3887 1157 3944 videbatur
1178 3886 1261 3945 inse-

145 3995 278 4062 quentem
299 3991 436 4049 continuo
465 3991 676 4048 ooninnotivum
693 3993 863 4066 partionlnm
886 4001 940 4052 ut:
962 4009 1020 4065 qne
1034 3983 1123 4049 semel
1142 3991 1261 4074 inserte,

144 4099 171 4151 si
198 4077 376 4168 superfluum
405 4097 496 4153 rideri
519 4089 616 4154 debirit
644 4101 673 4154 et
696 4098 820 4156 eiectum
844 4103 897 4158 est.
926 4097 1025 4155 Positu
1048 4102 1144 4154 sutem
1166 4101 1261 4172 purti-

144 4201 210 4256 enla
233 4199 281 4257 iiia
315 4199 453 4275 posthae,
487 4200 647 4274 praemisse
677 4200 874 4260 enuntiatione
892 4181 1111 4280 'eonditionui'u
1139 4219 1261 4276 prorsus
1336 4256 1340 4262 .
