3038 5032
558 419 826 486 .‘..m-

134 583 303 660 riizon'iano
325 585 531 679 reperiuntur
560 592 706 682 lacunae,
737 585 869 664 eaedem
892 591 987 680 ctiam
1010 596 1170 687 inNeap.
1193 621 1249 668 ex·

131 705 237 792 stant:
261 713 334 762 nam
355 709 465 782 potest
483 699 546 764 hoc
567 701 664 764 etiam
680 703 713 766 in
733 701 866 768 alteram
888 714 1013 788 partem
1031 705 1145 792 accipi.
1177 687 1249 771 ‘Sed

131 813 175 866 ex
193 801 407 867 Perizoniano
431 822 495 867 non
517 803 653 870 fluxisse
675 802 935 891 Neapolitanum,
959 805 1112 890 credibile
1135 796 1187 894 at,
1210 790 1248 872 iri

133 905 199 971 alia
219 917 352 987 taceam,
386 907 532 990 inspecta
563 909 615 972 vel
640 930 704 974 una
727 921 802 975 nota
826 912 859 974 in
882 930 922 988 eo
944 910 994 976 'ad
1015 911 1248 997 designandam

131 1007 298 1091 lacunam,
332 1031 414 1095 qaae
448 1011 481 1074 in
517 1009 656 1097 Dialogo
687 1021 738 1076 est
760 1023 835 1097 post
867 1033 895 1094 p.
918 1013 976 1096 35,
1003 1011 1175 1098 adscripta
1198 1011 1249 1078 bic

134 1113 267 1180 madian
290 1111 413 1210 definit:
437 1116 469 1202 in
488 1114 702 1182 Perizoniaao
723 1117 918 1202 eoim‘quum
932 1116 1146 1204 pagellarum,
1169 1127 1249 1204 quot

134 1217 342 1302 excidissent,
366 1238 519 1284 numeror
541 1232 692 1286 accurate
713 1217 990 1309 perscriptorem
1013 1223 1077 1288 boc
1092 1222 1284 1288 adnotare..

131 1320 538 1407 librariusNeapolitanus
554 1325 764 1408 neglecturus
783 1344 848 1389 non
865 1326 1050 1409 inissetid
1075 1327 1162 1411 qaod
1185 1337 1249 1390 dou
1289 1347 1294 1362 ι

132 1425 274 1512 neglexit
287 1425 394 1491 iacere
408 1429 447 1510 is,
474 1429 529 1513 qai
548 1427 779 1494 vaticanorum
791 1433 890 1493 un'um
906 1430 1048 1513 scripsit,
1065 1425 1246 1493 adiiciendo

130 1525 182 1593 iria
199 1528 389 1596 desuatcea
405 1531 695 1619 papatiam-quem
712 1531 754 1595 ab
770 1523 854 1596 habc
866 1532 969 1615 ipsam
989 1551 1139 1608 caussam
1158 1531 1246 1596 haud

131 1628 244 1696 dubito
277 1651 319 1696 ex
349 1629 452 1696 Paria.
480 1632 692 1718 descriptum,
707 1619 832 1717 putare.
878 1632 1011 1699 Addere
1041 1634 1141 1715 iuvat,
1165 1631 1249 1696 Sue·

130 1735 210 1798 tonii
233 1741 315 1820 opus
333 1736 371 1800 in
391 1756 431 1800 eo
453 1737 586 1802 inscribi
609 1737 725 1801 eodem
747 1756 884 1821 prorsus
909 1735 1007 1802 modo
1029 1755 1095 1822 quo
1110 1738 1143 1800 in
1160 1735 1246 1806 Harl.

129 1849 164 1901 et
180 1819 374 1906 Parisiensi:
393 1840 490 1906 aliter
510 1839 756 1932 Perizonianas,
780 1842 872 1906 cuius
890 1840 1134 1925 inscriptionem
1128 1823 1249 1904 libro·

129 1962 201 2007 rum
217 1941 346 2008 illorum
362 1945 541 2035 scriptores
554 1943 583 2009 si
602 1945 814 2028 invenissent,
837 1943 994 2010 abiecturi
1016 1963 1082 2044 non
1100 1945 1249 2012 inissent

450 2129 455 2139 ,
592 2061 878 2152 Hadrianeia·
982 2089 987 2096 ·

194 2184 700 2288 ν,ιιοι.ι(16ι2,.2ιι.,38
875 2195 878 2202 “
967 2179 1008 2204 ⁸

382 2323 386 2334 ⁴
591 2306 799 2400 Venetiamtt,
866 2299 868 2304 ’

130 2429 179 2495 sic
210 2428 390 2516 appellatos
421 2451 439 2495 a
470 2417 676 2498 Massmanno
708 2428 728 2493 Ι
756 2427 779 2496 l.
810 2449 852 2514 p.
871 2421 932 2511 ta,
961 2399 1016 2512 qui
1051 2409 1246 2509 uberrimam

129 2535 199 2599 eius
223 2533 474 2620 descriptionem
498 2535 652 2654 erumpit.
697 2533 782 2598 lnter
804 2533 926 2617 scripta
959 2531 1104 2598 miscella
1128 2529 1250 2598 saeculi

127 2635 191 2705 XV
214 2647 342 2724 praeter
370 2638 473 2705 'lariti
497 2638 741 2704 Germaniam
730 2658 759 2702 rs
782 2637 901 2723 codex,
933 2635 1096 2722 quondam
1119 2635 1250 2702 Patavi·

127 2753 200 2824 nus,
229 2742 346 2808 deinde
370 2742 546 2810 Venetiae
537 2763 569 2806 m
586 2741 783 2808 Marcianum
805 2739 993 2824 translatus,
1015 2741 1158 2806 continet
1178 2722 1247 2803 rot.

127 2845 342 2914 reor-184⁵
351 2846 550 2932 „Suetonius
572 2845 780 2932 Tranquillus
802 2843 844 2910 de
865 2843 1126 2938 grammaticis“;
1150 2843 1244 2930 cuiun

124 2955 187 3020 sub
219 2928 314 3020 finem
344 2947 480 3037 legitur:
515 2949 632 3036 „Opus
661 2949 845 3015 absolutum
875 2947 1043 3014 Bononiae
1072 2967 1156 3032 anno
1190 2941 1246 3011 diii

123 3053 159 3120 Μ
173 3055 286 3123 CCCC
299 3055 410 3124 LXlll.
443 3055 497 3121 Ad
513 3053 697 3139 petitionem
716 3053 761 3121 lo.
775 3047 995 3120 Marchanove
1016 3051 1113 3138 [artis
1127 3060 1159 3116 et
1179 3071 1246 3114 me-

123 3159 251 3226 dicinae
275 3161 420 3227 doctoris
437 3157 611 3244 Patavini]
612 3158 636 3196 “
676 3157 826 3245 Scriptus
849 3170 899 3226 est
922 3157 1037 3224 eadem
1060 3177 1156 3222 manu
1179 3147 1243 3278 qua

123 3261 310 3332 Germania.

244 3385 379 3454 Codices
398 3407 421 3449 a
442 3406 492 3452 mc
512 3385 583 3470 ipso
605 3383 721 3466 collati
741 3381 796 3449 acl
807 3329 949 3472 patrnam
978 3380 1185 3448 adhibiti..

493 3505 697 3573 Harlcianus
720 3503 915 3588 (Harl.)

187 3609 267 3676 Cod.
291 3599 366 3675 olim
390 3608 586 3677 Harlcianus
606 3611 703 3696 2639,
726 3630 812 3676 nunc
835 3609 911 3702 bibl.
934 3605 1041 3674 Musei
1062 3603 1238 3670 Britannici

117 3712 239 3800 illatus,
272 3713 405 3782 membr.
439 3715 542 3780 forma
570 3728 685 3782 octava
719 3715 879 3798 scriptum
916 3711 1045 3797 dequo
1076 3729 1106 3774 v
1137 3705 1238 3774 Gatal

118 3815 223 3882 Codd
247 3816 329 3884 Mas.
357 3815 446 3883 Harl.
477 3815 516 3884 Τ,
540 3819 576 3885 ll.
598 3843 629 3905 p.
653 3822 745 3906 704,
764 3831 894 3905 praeter
924 3819 1073 3886 Suetonii
1094 3815 1235 3898 libellos,

2 3975 3 3978 ,
117 3920 173 4004 qai
205 3920 424 3998 inscribuntur
451 3919 601 3989 Suetonii
632 3925 802 4012 tranquilli
829 3922 868 3990 de
892 3923 1087 4013 grammatic
1110 3928 1143 3986 ct
1161 3917 1235 3984 rbe-
1294 3939 1305 3948 ·

116 4021 250 4104 tamira,
280 4025 423 4088 continet
452 4025 517 4092 illis
549 4026 750 4095 subiectum·
767 4027 941 4112 Dialogam
974 4023 1233 4108 decretoribus,

115 4128 203 4194 hune
224 4130 258 4193 in
281 4129 411 4194 modum
435 4132 491 4198 fol.
516 4133 557 4198 15
578 4155 602 4197 a
622 4135 655 4222 in
677 4134 782 4199 fronte
805 4135 1010 4218 inscriptum:
1036 4131 1070 4198 0.
1093 4129 1237 4201 Cornelii

117 4231 225 4298 Taciti
246 4235 359 4320 epam
380 4235 527 4302 Romani
542 4237 698 4328 'dolopes
720 4237 760 4305 de
782 4233 968 4304 ornatilia
981 4235 1083 4303 elaris
1094 4237 1234 4323 tiliciter

970 4355 1024 4411 li·
