3038 5032
579 397 840 450 -xvv-
926 373 945 450 ,’

215 567 243 631 l.
266 561 406 630 Artemo
426 561 526 632 Statii
545 561 630 631 Mus.
653 563 706 630 vei
727 565 823 630 etiam
853 563 920 631 Me.
948 561 1120 632 laudantur
1141 568 1182 634 ad
1207 567 1264 638 Gn

148 670 451 758 29rnuunatsbum.
480 669 503 732 4
528 670 753 757 prummuticia
780 669 888 736 atatim
916 690 934 732 e
961 667 1053 751 dodo,
1077 679 1108 732 et
1132 671 1263 754 passim.
1291 743 1296 760 ,

149 771 185 836 in
218 771 268 838 his
301 793 401 837 unum
425 770 615 837 Vaticanum
649 772 752 838 inisse
782 791 824 836 ex
855 772 897 836 10
923 779 1020 838 noim
1041 775 1261 856 cognoscitur.

150 875 260 960 Atque
282 875 410 954 aliunde
433 893 564 960 quoque
587 885 654 940 tres
680 875 753 940 libri
775 877 856 943 Mss.
888 875 1033 942 Vaticani
1055 875 1097 942 ad
1120 889 1265 943 nostram

151 982 296 1049 notitiam
331 991 565 1064 pervenerunt,
598 1002 682 1067 qnos
713 983 1039 1049 commemoravimus
1061 984 1101 1048 ad
1125 982 1265 1050 Gramm.

153 1085 195 1149 tu
228 1083 464 1172 hemicyclium,
499 1087 603 1160 itaut
638 1105 737 1171 quum
766 1086 890 1170 passim
919 1084 1013 1150 Statii
1041 1085 1267 1171 Mssepiuraii

153 1209 286 1255 numero
310 1191 525 1274 nominentur,
546 1191 579 1254 in
600 1188 650 1255 his
673 1189 786 1274 piures
807 1209 877 1255 uno
895 1189 1070 1257 Vaticanus
1092 1191 1267 1277 significari

147 1292 350 1360 „credendum
373 1294 425 1376 sit,
449 1302 546 1379 atque
567 1294 639 1377 ipse
656 1291 790 1358 Statius.
802 1293 842 1358 ad
866 1293 921 1361 Gr.
944 1297 966 1358 2
987 1293 1119 1362 Seruius
1137 1294 1268 1361 nudius
1356 1315 1360 1322 ’

152 1411 185 1465 et
204 1401 245 1464 19
259 1405 356 1464 sobo
369 1399 563 1468 mentionem
582 1398 657 1464 iacit
679 1398 814 1464 ulterius
828 1398 962 1487 codicis,
985 1405 1017 1462 et
1028 1397 1071 1462 ad
1089 1399 1112 1461 4
1130 1395 1267 1463 dirorum

153 1505 344 1584 alterorum,
368 1504 445 1568 item
465 1503 506 1566 ad
524 1505 546 1568 5
570 1503 707 1569 Saenius
725 1501 919 1568 Portunus.
952 1501 1088 1586 insuper
1106 1503 1166 1568 hos
1186 1503 1268 1569 Suc-

153 1610 234 1676 touii
255 1607 356 1671 libro·
379 1605 502 1672 Romae
523 1628 622 1693 quum
646 1618 734 1672 esset
761 1627 836 1672 eum
858 1616 1020 1672 tractasse.
1040 1614 1072 1671 et
1094 1607 1126 1671 iu
1149 1607 1268 1692 vulgus

154 1713 314 1798 emisisse,
338 1722 475 1778 testatur
497 1697 719 1795 dedicationis,
743 1733 841 1798 quam
861 1714 953 1798 operi
971 1714 1169 1796 praeposuit,
1193 1713 1276 1780 suba

153 1817 300 1901 scriptio,
324 1815 481 1901 „Romae,
506 1815 577 1884 Kal.
593 1817 735 1902 ‚Apriiih
760 1817 836 1884 010.
861 1814 900 1881 10
933 1816 1055 1883 txvf‘
1084 1815 1185 1883 Unius
1206 1816 1270 1882 Va·

154 1923 250 1986 ticeni
285 1921 425 2003 codicis,
457 1923 511 2006 qui
535 1943 575 1986 an
607 1923 639 2008 in
669 1915 836 1986 Statianis
855 1922 1044 1987 neierendus
1074 1923 1117 1986 sit
1146 1923 1268 2005 nescio,

155 2027 297 2090 notitiam
327 2045 430 2109 nuper
459 2025 604 2092 exhihuit
635 2023 770 2092 Rothius
798 2027 839 2091 ad
863 2025 1035 2091 Aemilium
1063 2025 1205 2090 Probum
1219 2023 1270 2090 ,dc

155 2129 268 2196 exceii.
290 2129 430 2200 ducibus
453 2153 484 2216 p.
507 2132 581 2215 215,
606 2151 691 2197 saec.
716 2129 779 2196 XV
808 2131 975 2216 eleganter
994 2130 1118 2215 scripti,
1143 2142 1271 2215 praeter

155 2233 347 2300 Suetonium
370 2234 411 2299 de
433 2236 649 2321 grammaticis
673 2246 703 2299 ct
728 2235 911 2300 rhetoribus
934 2230 1127 2299 continentis
1148 2232 1270 2316 „Corn

154 2337 259 2402 Taciti
292 2338 455 2424 dialogum
488 2339 530 2403 de
551 2338 735 2404 oratoribus
765 2331 797 2402 et
824 2339 941 2424 poetis,
965 2329 1183 2420 Pomponium
1204 2335 1271 2400 Me·

154 2441 222 2507 iam
250 2442 291 2506 de
324 2443 593 2528 cosmographia,
626 2442 704 2526 aiia3
742 2452 807 2506 tum
839 2441 898 2507 Ea
921 2440 1003 2506 libro
1026 2440 1180 2530 ¹Cot-nebi
1200 2441 1271 2507 Ne-

153 2547 246 2631 potis
276 2545 316 2611 dc
347 2547 456 2612 latinis
486 2545 646 2612 historicis
680 2546 793 2630 incipit
821 2547 887 2611 citu
908 2545 1087 2630 Pomponii
1099 2587 1101 2596 .
1117 2546 1223 2612 Attt’tt'
1241 2555 1275 2608 et

167 2647 272 2715 Verba
294 2671 336 2716 cc
365 2650 503 2736 epistola
527 2651 677 2716 Cornelio
700 2645 927 2716 &occisorum
947 2649 1063 2714 mauu
1091 2669 1135 2713 en
1163 2648 1274 2713 eodem

161 2753 349 2821 Cornelio.“
379 2753 471 2819 {laud
495 2755 616 2820 certius
639 2763 778 2838 constat,
811 2753 931 2818 ut·hoc
951 2743 1063 2816 statim
1090 2751 1273 2836 adiungam,

160 2858 203 2922 de
227 2859 297 2922 aliis
327 2858 421 2924 codd.
456 2856 639 2942 Vaticanis,
670 2875 754 2943 quos
783 2858 817 2921 in
839 2875 983 2923 censura.
1002 2855 1150 2920 codicum
1173 2854 1276 2920 'taciti

162 2963 368 3028 Germaniam
383 2961 590 3048 (plerumque
607 2983 667 3027 una
689 2983 761 3026 cum
774 2955 917 3045 Dialogo
932 2959 973 3024 de
994 2965 1090 3034 crat)
1111 2959 1276 3023 contineu-
1359 2983 1373 3000 ‘

161 3067 242 3130 tium
264 3076 414 3132 recenset
438 3076 652 3150 accurateque
675 3063 830 3130 describit
856 3063 1083 3128 hiessmannus
1103 3080 1137 3146 p.
1162 3062 1203 3125 13
1226 3079 1275 3146 sq.

161 3169 288 3236 Horum
305 3187 388 3234 unus
404 3168 467 3254 (tt,
483 3180 517 3232 ut
534 3167 761 3235 Massmannns
779 3167 945 3252 appellat),
966 3166 1152 3232 numeratur
1171 3161 1275 3244 44983

162 3273 330 3340 secundus
360 3272 443 3356 (Ra)
472 3273 573 3355 1862,
604 3273 718 3338 tertius
750 3272 834 3338 1518
857 3271 962 3354 (Rc),
991 3271 1032 3334 de
1055 3287 1121 3354 quo
1143 3266 1276 3332 Massm.

163 3399 197 3464 p.
213 3378 264 3442 16.
298 3375 348 3442 En
371 3386 419 3442 tot
435 3374 613 3443 Vaticanae
634 3374 847 3440 bibliothecae
870 3375 1014 3458 codices,
1038 3382 1117 3458 quot
1140 3369 1277 3466 Statium

164 3484 358 3550 adhibuisse
371 3485 404 3548 in
422 3492 590 3567 comperto
612 3481 783 3547 habemus:
804 3464 946 3568 quorum
961 3499 1003 3544 ex
1017 3478 1127 3542 notitia
1141 3497 1159 3541 a
1175 3476 1279 3540 Mass-

164 3609 300 3654 manno
318 3585 471 3656 exhibitu
483 3586 643 3672 quidquid
674 3586 809 3652 ahcnius
832 3584 984 3651 momenti
1012 3601 1088 3648 esse
1109 3579 1280 3646 videbatur

165 3693 405 3759 commentariis
428 3691 509 3756 meis
532 3691 664 3755 inserui.

98 3799 104 3808 '
169 3796 368 3864 10011
397 3791 506 3876 Voss,
537 3804 573 3858 ut
594 3793 789 3878 appellatur,
821 3810 886 3878 quo
916 3789 1066 3856 subsidio
1088 3775 1280 3854 Oudendor-

165 3903 240 3988 pius
252 3885 323 3986 per
346 3909 518 3985 utrumque
541 3897 683 3963 libellum
707 3897 876 3983 diiigenter
897 3913 978 3962 usus
995 3903 1057 3972 est,
1080 3889 1280 3956 variantibus

167 4017 298 4073 constat
320 4004 525 4089 lectionibus,
555 4020 636 4088 quas
668 4002 707 4068 is
739 4001 877 4068 Vossius
901 3999 1050 4099 exemplo
1078 3993 1225 4060 Suetonii
1248 3995 1281 4061 in
1381 4053 1386 4064 ,

165 4113 247 4179 hihi.
269 4111 440 4189 heideusi,
460 4119 496 4176 ut
519 4119 609 4194 puto,
630 4117 762 4172 servato
785 4125 826 4171 ex
849 4105 963 4171 codiee
986 4101 1215 4185 adscripscrat,
1245 4110 1309 4166 ut·

167 4221 242 4305 ipse
272 4217 315 4284 ait
343 4218 385 4283 ad
413 4215 470 4284 (it
494 4214 704 4281 inusitatos.
737 4211 821 4277 Hoc
850 4230 930 4276 vero
953 4205 1137 4290 exemptum
1160 4224 1177 4268 a
1200 4201 1283 4268 'ion
