3038 5032
731 356 1049 436 -1-2-.

301 545 365 622 luit
384 553 511 648 postea
532 547 793 624 familiarissime
816 550 853 624 G.
877 545 1092 641 Sallustium,
1117 554 1155 623 et
1177 571 1223 624 eo
1242 543 1407 624 defuncto

299 671 454 746 Asinium
474 669 684 747 Pollionem:
720 691 808 766 quos
829 667 1004 744 historiam
1027 691 1240 770 componere
1255 690 1406 767 aggres-

301 814 374 882 sos,
400 790 545 868 alterurn
572 790 744 867 brevimio
772 811 885 864 rerum
912 793 1058 867 omnium
1084 791 1336 882 Romanarum,
1365 811 1409 864 eu

301 910 423 1009 quibus
457 935 544 1008 quas
580 911 690 988 vellet
724 911 885 1010 eligeret,
920 913 1099 986 instruxit:
1132 909 1277 989 alterum
1305 933 1408 1010 prae·

250 1051 281 1118 a,
301 1032 414 1131 ceptis
440 1029 487 1108 de
514 1035 648 1106 ratione
675 1030 859 1108 scribendi.
900 1034 977 1122 Quo
1004 1034 1113 1130 magis
1138 1034 1240 1111 mlum
1257 1031 1408 1106 Asinium

301 1148 508 1244 credidisse,
534 1153 672 1248 antiqua
699 1173 776 1226 cunr
804 1152 915 1228 verba
942 1161 977 1226 et
1004 1151 1135 1251 figuras
1164 1150 1302 1229 solitum
1330 1173 1410 1227 esse

300 1271 473 1370 colligere
505 1271 687 1350 Sallustio:
727 1295 804 1348 cum
841 1274 904 1348 silui
939 1275 1026 1348 sciat
1054 1273 1100 1346 nil
1127 1270 1220 1348 aliud
1247 1270 1410 1360 suadere,

301 1418 400 1492 quam
427 1401 464 1468 ut
491 1402 574 1470 noto
596 1393 760 1492 civilique
787 1402 823 1470 et
849 1398 990 1496 proprio
1017 1418 1179 1472 ucrrnonc
1207 1401 1323 1468 utatur·
1351 1398 1409 1470 vi·

301 1525 421 1613 telone
455 1517 599 1593 maxime
627 1515 872 1594 obscuritatem
904 1516 1063 1613 Sallusti,
1099 1523 1138 1593 et·
1170 1514 1350 1590 audaciam
1378 1519 1409 1590 in

300 1623 593 1712 translationibus.

251 1798 278 1863 1,
378 1775 433 1847 Xl.
469 1773 720 1850 Valerius
744 1776 903 1867 ·Cato,
939 1785 976 1850 ut
1003 1774 1157 1852 urorrnulli
1185 1773 1411 1866 tradiderunt,

300 1895 445 1969 Burseni
473 1893 651 1970 cuiusdam
677 1895 824 1971 libertus
851 1919 897 1972 ex
927 1897 1056 1988 Gallia:
1093 1900 1168 1997 ipsc
1197 1893 1328 1990 libello,
1356 1901 1412 1982 cui

301 2023 357 2092 cst
386 2016 504 2093 titulus
529 2015 813 2114 Indignatio,
846 2019 1031 2114 ingenuum
1065 2041 1106 2092 se
1133 2025 1247 2092 natum
1274 2020 1341 2110 ait,
1379 2027 1413 2094 ct

300 2136 463 2239 pupillum
491 2137 665 2229 relictum,
692 2161 806 2236 eoque
832 2137 967 2212 facilius
993 2138 1136 2214 licentia
1162 2136 1293 2214 Sullani
1321 2148 1412 2223 tenr-

250 2282 278 2346 2,
300 2261 395 2360 poris
427 2265 568 2336 exutum
601 2262 815 2359 patrimonio.
867 2261 995 2336 Docuit
1029 2259 1155 2336 multos
1189 2265 1224 2334 et
1256 2257 1412 2336 nobiles:

300 2382 471 2477 visusque
503 2393 558 2455 est
591 2377 804 2480 peridoneus
836 2389 1047 2482 praeceptor
1074 2378 1292 2464 :auximana
1319 2405 1411 2482 poc·

300 2500 400 2572 ticam
427 2498 666 2575 tendentibus:
699 2509 736 2574 ut
763 2501 899 2598 quidem
926 2525 1096 2604 apparere
1122 2500 1183 2578 vel
1212 2500 1266 2576 his
1294 2505 1413 2579 versi-

301 2619 390 2693 culis
415 2628 554 2721 potest,

459 2759 544 2835 Cato
571 2763 830 2859 gratumaticus,
855 2759 973 2834 Latina
1003 2761 1123 2853 Siren,

457 2884 513 2978 qui
540 2883 639 2959 solus
664 2881 753 2981 legit
779 2903 822 2956 ao
848 2880 931 2956 lacit
959 2894 1092 2982 poetas.

249 3043 277 3110 3,
299 3021 333 3093 ls
358 3021 497 3121 scripsit
524 3028 664 3120 praeter
694 3023 937 3118 grarnmatlcos
959 3019 1100 3096 libellos
1121 3021 1220 3094 etiam
1240 3029 1415 3120 poemata,

300 3166 347 3217 ex
383 3140 506 3240 quibus
540 3145 730 3244 praecipue
769 3139 958 3242 probantur
993 3138 1133 3242 Liydia
1166 3149 1203 3215 et
1240 3141 1415 3217 Diana.

298 3260 430 3359 lydiae
456 3262 576 3338 Ticida
604 3266 770 3356 meminit,

451 3401 562 3502 Lydia
588 3399 770 3480 doctorum
799 3405 944 3477 uranium
971 3425 1055 3478 cura
1081 3401 1178 3477 liber.

298 3531 432 3612 Dianae
461 3541 587 3634 Cinna,

212 3773 217 3788 ι
454 3679 605 3758 Saecula
629 3689 828 3784 permaneat
857 3684 965 3758 nostri
992 3684 1152 3758 Dictinna
1180 3684 1334 3759 Catonis.

169 3791 170 3796 Ἰ
247 3849 278 3913 4,
298 3821 393 3898 Vixit
425 3819 470 3896 ad
506 3827 695 3901 extrenum
731 3828 921 3911 senectam,
954 3820 1020 3898 sed
1052 3826 1240 3920 insumam
1273 3845 1412 3924 paupe-

299 3943 349 4016 rie
378 3948 413 4016 ct
439 3963 552 4042 paene
579 3943 712 4043 iuopia,
747 3941 884 4031 abditus
917 3944 1054 4020 modico
1088 3946 1284 4044 gurgustio,
1307 3953 1413 4045 post-

299 4084 397 4157 quam
425 4062 622 4140 Tusculana
657 4064 741 4142 villa
768 4065 1002 4142 creditoribus
1028 4074 1199 4160 cesserat,
1227 4072 1263 4138 ut
1289 4075 1416 4142 auctor

299 4191 355 4270 est
382 4183 591 4269 Bibaculus:
691 4277 697 4288 ‚
