3054 5000
574 357 829 438 -55-

129 558 235 630 filicem
255 561 447 635 retorquere,
472 557 549 628 quod
570 555 663 628 ipsum
686 559 715 630 et
735 558 894 618 Suetonius
916 559 981 618 Tib.
1001 559 1021 618 3
1050 564 1080 618 at
1107 563 1214 622 Neron.
1237 565 1258 624 3

24 723 27 732 ,
132 665 229 738 dixit,
266 667 364 720 tumeo
393 679 413 717 a
444 661 570 718 laudatis
600 658 645 716 bis
680 660 802 734 aliisque
836 663 899 720 eins
931 664 1086 722 locutionis
1119 670 1258 740 exemplis

132 769 245 824 abesse
269 767 345 822 solet
367 782 511 838 personae
536 780 653 838 nomen,
676 764 751 834 quod
782 765 808 822 si
831 767 918 825 verbo
941 769 1137 842 ,relinquendi
1158 770 1186 826 in
1210 771 1269 828 toli⁴

133 870 280 928 orationis
304 874 455 928 structura
477 868 647 943 apponitur,
678 881 769 942 egere
790 873 887 940 potest
911 886 983 928 voce
1009 871 1113 941 lilius:
1152 890 1256 946 quam-

133 993 224 1048 quom
261 977 371 1048 fateor,
406 972 470 1030 eius
504 971 638 1030 dictionis
671 971 751 1028 aliud
783 975 947 1046 exemplum
981 974 1011 1032 in
1045 981 1179 1050 promptu
1213 995 1258 1036 me

134 1096 195 1136 non
218 1079 339 1138 babere.

527 1243 756 1332 nullut
799 1245 837 1328 l.

210 1389 237 1448 1.
262 1387 395 1464 Atteius]
429 1390 474 1446 De
508 1387 692 1460 praenomine
725 1387 833 1445 omisso
871 1407 898 1446 v.
933 1396 992 1449 uot.
1020 1391 1057 1447 ad
1080 1407 1106 1450 e.
1131 1392 1161 1451 9.
1197 1391 1258 1450 init.

135 1495 200 1554 PR.
231 1486 364 1586 Apatna,
393 1508 459 1548 mox
489 1506 558 1548 vero
588 1495 710 1564 utroque
732 1493 799 1549 loon
832 1491 955 1572 Ateius,
987 1496 1020 1550 ut
1052 1497 1127 1556 ven.
1156 1498 1257 1554 Troes.

136 1597 250 1668 ubique
277 1594 404 1654 Alleluia.
440 1597 504 1655 Par.
532 1600 562 1652 et
585 1595 662 1651 llarl.
686 1595 808 1675 Aelius,
841 1600 870 1653 et
892 1613 959 1654 mon
987 1597 1035 1654 ille
1065 1598 1179 1674 Attius,
1211 1599 1259 1658 bic

135 1701 259 1778 Areas,
284 1699 366 1755 iidem
389 1703 535 1770 postremo
553 1698 676 1756 Atreius.
700 1702 745 1756 lie
768 1700 853 1758 buius
869 1700 989 1758 nominis
1006 1703 1152 1778 scriptura
1171 1720 1258 1784 quum

137 1822 228 1864 secus
244 1803 412 1862 statuissem
426 1802 514 1865 Anal.
531 1803 596 1862 erit.
612 1820 640 1874 p.
660 1803 679 1861 6
698 1809 728 1862 et
748 1810 814 1876 post
829 1821 874 1862 me
889 1804 1045 1867 Oromenus
1063 1811 1201 1866 Excursu
1215 1809 1259 1866 lv

138 1912 175 1968 ad
199 1909 327 1968 Gellium
351 1925 378 1980 p.
397 1906 456 1980 49,
479 1911 602 1984 uterque
623 1907 652 1962 in
675 1907 775 1965 eodem
799 1924 898 1980 errore
921 1909 1001 1982 socii,
1026 1912 1133 1986 quippe
1155 1914 1260 1972 titulo·
1338 1984 1341 1992 Ι

139 2031 202 2072 rum
222 2013 336 2086 aliquot
356 2010 528 2068 auctoritate
545 2011 667 2071 maxime
685 2010 798 2087 conlisi,
811 2027 898 2070 nuno
920 2029 952 2069 re
976 2014 1106 2072 curatius
1128 2015 1262 2088 inspecta

139 2121 264 2176 edoctus
288 2133 352 2174 sum
381 2118 428 2173 vel
457 2131 493 2172 ex
521 2115 637 2194 Gruteri
666 2116 793 2190 sylloge,
821 2115 895 2172 inter
925 2117 1025 2188 plures
1056 2118 1126 2176 iliud
1157 2134 1260 2177 nomeu

139 2223 315 2280 exhibentes
337 2220 539 2294 inscriptiones
561 2235 646 2278 unam
670 2219 864 2276 tautummodo
893 2235 969 2295 esse,
1002 2237 1076 2293 quae
1099 2219 1258 2294 simplicem

135 2330 189 2389 litt.
213 2335 227 2384 t
246 2333 393 2402 praestet,
417 2342 539 2398 eamque
559 2324 666 2398 pariter
685 2303 777 2396 ¹atque
799 2322 878 2380 illam
900 2339 985 2396 qnam
1004 2323 1071 2382 olim
1092 2322 1175 2382 testis
1193 2324 1258 2381 loco

136 2435 327 2508 protuleram,
357 2424 452 2490 aetate
475 2431 559 2488 valde
581 2429 691 2504 recenti
713 2427 832 2498 incisam
862 2444 938 2487 esse.
981 2429 1157 2501 Quamquam
1180 2429 1257 2488 anti-

137 2538 203 2611 quis
226 2535 406 2609 temporibus
428 2534 533 2593 Ateius
556 2534 695 2606 scriptum
718 2533 811 2592 luisse
833 2531 1024 2591 certissimum
1048 2539 1101 2592 est.

202 2640 263 2716 est]
295 2640 385 2698 Addit
413 2639 498 2698 etiam
528 2641 562 2698 B.
593 2641 659 2697 l’ar.
689 2639 769 2696 llarl.
801 2641 830 2695 et
864 2638 938 2696 Ven.
970 2625 1035 2696 oum
1065 2639 1187 2714 vulgata
1211 2647 1260 2700 eal

137 2747 284 2812 omittunt.
964 2821 967 2826 ,
1010 2806 1013 2812 ,

203 2847 305 2924 notus]
335 2849 475 2906 Abest-a
496 2851 562 2908 Par.
588 2849 674 2906 Voss.
706 2847 872 2937 ceterisque
895 2847 1034 2918 'omnibns
1066 2847 1149 2906 codd.
1181 2863 1255 2920 quos
1291 2868 1298 2882 ·

138 2956 218 3018 novit
235 2953 467 3026 Oudendorpius.
489 2955 584 3010 Abest
603 2951 688 3010 etiam
709 2951 745 3008 ab
763 2952 856 3028 lidd,
881 2951 986 3026 quibus
1000 2939 1253 3026 restituit'primus

17 3072 18 3076 ’
138 3059 285 3118 Graevius
318 3059 354 3114 ab
383 3058 499 3124 Achille
529 3056 622 3114 Statio
654 3055 796 3132 monimo,
835 3055 884 3129 qui
912 3073 975 3114 eam
1011 3071 1111 3115 vocem
1140 3056 1170 3113 in
1197 3071 1254 3114 uuo

18 3221 19 3240 χ
138 3163 211 3220 libro
242 3161 385 3220 Vaticano
416 3161 534 3234 reperiri
557 3160 684 3236 ‚eiusque
714 3161 779 3218 loeo
811 3159 839 3217 in
869 3160 923 3220 ud.
955 3163 1013 3220 vet.
1029 3160 1142 3234 ,aliqua
1163 3168 1254 3220 nolus

17 3271 19 3347 J
139 3267 349 3348 legitestatns
372 3270 427 3342 est,
450 3249 525 3340 qnod
549 3265 643 3338 ipsum
665 3267 796 3337 praestat
812 3263 893 3322 llari
927 3262 982 3321 cui
1001 3261 1163 3336 scripturae
1182 3264 1254 3324 tides

17 3449 19 3458 J
140 3387 217 3428 nunc
240 3368 367 3428 accessit
390 3387 433 3426 ex.
449 3372 482 3429 P.
503 3374 531 3426 et
549 3372 582 3428 B.
612 3369 675 3426 lltsi
697 3375 786 3426 nolus
809 3365 1033 3438 Oudendorpius
1046 3382 1109 3438 nou
1130 3368 1254 3448 damnet,

140 3481 235 3533 tamen
258 3475 299 3532 nit
322 3473 472 3546 repetitum
494 3490 582 3546 posse
605 3473 700 3545 putari
722 3489 759 3530 ex
789 3469 1040 3544 praecedentibus.
1076 3474 1144 3556 ligo
1167 3490 1255 3548 pror-

139 3595 191 3638 sus
215 3573 368 3636 delendum
391 3593 507 3654 censeo,
530 3579 713 3650 corruptelae
736 3577 810 3636 viam
833 3582 1012 3636 monstrante
1039 3579 1164 3636 lectione
1194 3597 1254 3638 na-

139 3688 203 3759 tur,
228 3698 265 3738 ex
289 3698 346 3753 qua
369 3682 478 3739 demum
501 3689 590 3740 notua
606 3682 724 3754 prodiit.
760 3682 834 3740 Ven.
856 3686 1040 3761 mantus,
1064 3699 1099 3739 ex
1122 3681 1255 3754 interpo-

17 3819 19 3840 .
137 3783 255 3858 hosne,
280 3783 389 3862 opinor,
413 3785 494 3842 vocis
515 3791 615 3863 notua,
639 3800 723 3857 quam
747 3785 842 3843 codex
865 3784 984 3842 editoris
1007 3789 1197 3860 suggereret.

205 3890 234 3946 2.
259 3886 394 3963 Snflrrsti]
419 3891 484 3948 Par.
508 3893 537 3946 et
560 3889 639 3948 Harl.
664 3904 729 3946 oum
750 3889 825 3948 Veu.
848 3888 982 3951 Salustii.

204 3990 399 4066 affectatione]
425 3995 490 4051 l’ar.
513 3992 678 4067 affectione.
767 3997 774 4004 “

202 4092 288 4168 fecit]
320 4094 440 4162 Quidam
473 4097 548 4168 libri
567 4097 635 4167 finit.
684 4097 793 4155 Probat
824 4099 1022 4169 Burmannus;
1059 4099 1087 4154 et
1119 4094 1199 4170 ipse,
1231 4101 1260 4160 si

138 4201 257 4276 legatur
287 4202 416 4262 adiutor.
447 4203 536 4264 ERN.
572 4203 614 4258 At
643 4202 776 4276 sequitur
803 4200 899 4262 statim
933 4204 1069 4284 adiutor,
1100 4207 1260 4266 utcontra
