3038 5032
725 407 1102 483 ..pp-1

293 603 439 680 Plotium
461 601 650 703 quendamz
670 601 715 677 ad
739 623 839 700 quem
860 621 937 676 cmn
961 597 1063 674 fieret
1084 619 1294 694 concursus,
1316 600 1410 699 quod

294 724 568 802 studiosissimus
595 729 741 823 quisque
764 722 856 824 apud
878 745 956 797 eum
980 725 1221 812 exerceretur,
1249 719 1411 798 dolebam

293 846 384 922 idem
411 845 490 920 mihi
518 871 586 921 nnn
614 846 734 922 licere.
775 843 983 922 Continebar
1003 849 1117 916 autem
1132 839 1410 918 doctissimorum

293 968 520 1040 anctoritate:
543 967 600 1062 qui
616 964 859 1040 existimabant
872 965 1019 1038 Graecis
1035 962 1348 1037 exercitationibus
1366 964 1411 1038 nii

241 1097 273 1166 8.
295 1086 417 1162 melius
445 1089 585 1186 ingenia
610 1094 755 1187 posse.“
794 1087 893 1158 Hunc
921 1083 1068 1158 eundem
1096 1089 1191 1177 (narn
1219 1083 1412 1163 diutissime

294 1210 403 1299 vixit)
424 1206 469 1281 Μ.
488 1207 629 1283 Coelius
647 1209 680 1280 in
701 1208 870 1298 oratione,
893 1189 992 1302 quarn
1013 1228 1079 1306 pro
1095 1227 1142 1278 se
1160 1202 1206 1279 de
1226 1208 1262 1281 vi
1284 1205 1412 1302 habuit,

294 1327 511 1426 significabat
531 1328 687 1404 dictasse
706 1329 877 1419 Atratino,
896 1329 1093 1402 accusatori
1117 1348 1194 1420 suo,
1217 1331 1411 1404 actionem:

295 1448 542 1549 subtractoque
562 1455 718 1541 nomine,
746 1448 1008 1524 ordinarium
1036 1470 1112 1522 emn
1141 1447 1318 1525 rhetorem
1345 1475 1412 1552 ap-

294 1571 414 1672 pellnt,
439 1571 605 1650 deridens
625 1582 663 1646 ut
682 1573 832 1646 inflatum
854 1593 897 1645 ac
916 1569 1033 1645 levem
1056 1581 1092 1643 et
1110 1570 1298 1648 sordidum.

244 1725 273 1788 1,
372 1696 426 1767 111.
452 1695 615 1768 Lucius
644 1694 875 1768 Otacilius
901 1692 1080 1766 Pitutu·
1107 1697 1265 1770 servisse
1286 1695 1414 1774 dicitur

174 1865 180 1870 -
294 1821 399 1908 atque
432 1816 534 1906 etiam
568 1817 740 1908 ostiarius,
765 1821 891 1900 vetere
926 1837 1032 1905 more,
1055 1815 1087 1885 iu
1125 1821 1250 1889 catena
1285 1814 1411 1912 inisse,

295 1930 490 2009 donecob
527 1937 700 2033 ingenium
735 1943 771 2012 et
805 1934 921 2009 studia
950 1933 1144 2027 literarum,
1173 1941 1415 2033 manumissus,

295 2058 475 2129 accusanti
497 2057 647 2157 patrono
667 2057 881 2158 subscripsit.
927 2056 1064 2132 Deinde
1091 2055 1299 2133 rhetoricam
1324 2057 1412 2161 pro-

246 2193 277 2263 2,
295 2177 429 2269 fessus,
467 2180 526 2254 Gn.
563 2179 759 2279 Pompeium
785 2179 946 2276 Magnum
974 2177 1094 2254 docuit
1124 2183 1302 2280 patrisque
1335 2185 1414 2258 eins

296 2323 355 2374 res
369 2307 504 2396 gestas,
520 2322 588 2376 nec
601 2305 711 2374 miuus
729 2303 848 2402 ipsius,
871 2300 1104 2401 compluribus
1117 2299 1213 2374 libris
1228 2307 1413 2402 exposuit:

295 2424 423 2520 primus
449 2427 595 2496 omnium
621 2421 867 2515 libertinorum,
903 2430 940 2495 ut
967 2422 1078 2497 Corn·
1093 2423 1213 2522 Nepos
1240 2426 1414 2524 opinatur,

297 2538 452 2614 scribere
465 2539 641 2615 historiam
656 2564 769 2634 orsus,
786 2565 853 2616 non
871 2545 934 2615 nisi
948 2541 991 2615 ab
1009 2541 1254 2618 honestissimo
1271 2567 1415 2642 qunque
1432 2567 1435 2575 ’

222 2695 225 2702 ’
297 2660 401 2735 scri-bi
428 2661 574 2737 solitam.
1014 2665 1046 2720 f
1508 2745 1509 2750 η

245 2796 276 2867 1.
375 2785 430 2860 lV.
455 2783 510 2858 Ad
538 2783 573 2859 id
606 2763 1023 2888 tempus'Epidius,
1058 2784 1229 2860 calumnia
1256 2792 1413 2880 notatus,
1508 2771 1509 2814 ³

295 2902 412 2980 iudum
439 2904 741 3007 dicendi-aperuit
768 2904 957 3004 docuitque
980 2909 1074 2980 inter
1101 2914 1243 2981 eeteros
1267 2907 1313 2981 Μ.
1334 2909 1414 2981 An·
1508 2959 1509 2992 ;

244 3035 274 3104 2.
296 3029 426 3102 ionium
444 3033 480 3102 et
498 3027 702 3126 Augustum.
742 3027 873 3114 Quibus
894 3026 1066 3125 quondam
1089 3029 1125 3104 C.
1148 3015 1415 3120 Cannutius,
1508 3049 1509 3104 i

294 3148 539 3225 obiicientibus
572 3148 657 3240 sibi,
693 3147 785 3246 qnod
816 3152 851 3221 in
888 3171 928 3223 re
964 3149 1116 3249 publica*
1141 3148 1416 3224 administranda
1508 3229 1509 3258 ,

256 3291 260 3340 ῑ
293 3273 507 3369 potissimum
527 3269 722 3361 consularis
737 3271 881 3345 Isaurici
899 3281 1030 3345 sectam
1050 3277 1268 3370 sequeretur,
1294 3269 1414 3360 Malle,
1508 3275 1509 3354 i

295 3392 437 3465 isaurici
448 3415 531 3466 esse
549 3391 753 3494 discipulum
769 3390 959 3494 respondit,
975 3417 1073 3491 quam
1088 3389 1199 3494 Epidi,
1219 3391 1414 3466 calumnia·
1508 3379 1509 3392 ¹

200 3511 207 3520 ’
243 3529 273 3594 3.
296 3515 393 3588 toris.
426 3513 491 3588 Hic
518 3513 661 3615 Epidius
683 3522 795 3589 ortum
809 3537 851 3588 se
868 3536 889 3584 a
908 3511 945 3588 C.
967 3512 1092 3614 Epidio
1113 3515 1289 3588 Nucerino
1304 3537 1413 3614 prae-

292 3633 452 3712 dicabam
480 3657 580 3733 quem
607 3635 730 3711 ferunt.
749 3633 830 3710 olim
847 3637 1108 3735 praecipitatum
1132 3639 1164 3709 in
1190 3633 1320 3711 fontem
1341 3634 1412 3710 flu-

295 3762 393 3834 minis
421 3759 538 3850 Santi,
579 3756 685 3858 paulo
721 3764 802 3859 post
829 3778 906 3832 cum
933 3757 1098 3832 cornibus
1132 3760 1333 3851 exstitisse,
1369 3779 1414 3833 ac

296 3885 408 3955 statim
430 3904 499 3956 non
529 3883 778 3981 comparuisse,
806 3882 839 3952 in
860 3903 1073 3979 numeroque
1092 3878 1236 3954 deorum
1252 3877 1413 3955 habitum.

244 4027 275 4097 1,
369 4006 410 4078 V.
445 4003 614 4080 Sextus
649 3999 862 4091 Uindius,
898 4023 925 4080 e
952 4001 1092 4092 Siciiia,
1127 4001 1271 4084 Latinae
1308 3999 1415 4074 simul

213 4114 218 4123 ’
262 4123 524 4224 ‘Graecaeque
562 4125 784 4224 eloquentiae
818 4121 1017 4225 professor,
1058 4121 1147 4198 maie
1181 4122 1342 4198 oculatus
1375 4132 1414 4198 et

93 4235 97 4244 ’
296 4244 421 4337 dicax,
455 4268 517 4350 par
544 4248 723 4324 oculorum
750 4249 783 4320 in
811 4239 959 4320 amicitid
984 4243 1029 4320 M.
1055 4247 1200 4340 Antoni,
1235 4247 1413 4337 triumviri,
