3038 5032
560 307 980 424 .'-ro-

301 490 419 610 donec
452 537 698 612 commentario
725 533 1018 636 Smyrnce⁸edito
1043 531 1136 612 adeo
1167 533 1347 629 inclaruit,
1381 541 1417 610 ut

302 653 391 732 baec
416 654 464 732 dc
490 680 536 735 eo
563 657 822 734 scriberentur:

403 795 469 870 Uni
496 796 663 873 Crassitio
689 819 732 874 se
758 795 908 873 credere
935 795 1083 896 Smyrna
1108 797 1286 898 probavit:

456 917 608 994 desinite
634 917 765 994 indocti
793 919 958 1014 coniugio
985 913 1076 993 banc
1101 927 1244 1020 peterer

404 1037 471 1115 soli
499 1040 665 1115 Crassitio
691 1063 732 1115 so
757 1038 847 1115 dixit
875 1037 1006 1115 nubere
1031 1040 1149 1132 velle,

454 1163 571 1234 intima
605 1164 662 1235 cui
696 1161 763 1237 soli
800 1167 884 1237 uota
920 1183 984 1235 sua
1018 1164 1226 1238 exstiterint.

248 1300 278 1365 3·
301 1295 374 1373 Sed
401 1317 477 1372 cum
505 1307 541 1374 et
567 1297 715 1376 doceret
741 1302 805 1373 iam
832 1297 958 1372 rnultus
982 1319 1026 1372 ac
1052 1297 1205 1391 achilee,
1235 1305 1272 1373 et
1299 1302 1333 1372 in
1363 1298 1418 1372 his

300 1417 408 1495 lulum
421 1419 618 1512 Antonium,
633 1423 797 1496 triumviri
814 1419 930 1511 lilium,
944 1425 980 1494 ut
993 1421 1119 1494 Verrio
1132 1442 1271 1518 qnoque
1283 1418 1417 1495 Flacco

180 1635 185 1652 δ
300 1550 570 1646 compararetur,
584 1542 725 1618 dimissa
739 1549 885 1644 repente
901 1541 1034 1634 schola,
1050 1544 1183 1616 transiit
1194 1539 1239 1616 ad
1254 1543 1294 1630 Q.
1315 1544 1417 1620 Sexti

300 1665 496 1768 philosophi
524 1672 667 1740 sectam.

229 1811 232 1818 ·
377 1788 464 1862 ΧΙΧ.
499 1787 770 1864 Scribonius
798 1785 1120 1894 Aphrodisius,
1151 1785 1257 1861 Orbili
1284 1811 1415 1866 servus

299 1916 403 2006 atque
431 1907 641 2010 discipulus,
668 1933 749 1984 mox
776 1931 798 1982 a
825 1907 1016 1996 Scribonia,
1042 1907 1180 1985 Libonis
1206 1907 1294 2000 tilia,
1324 1931 1416 2008 quae

300 2034 394 2134 prior
418 2032 567 2131 Augusti
602 2056 693 2109 uxor
719 2031 849 2124 fuerat,
884 2029 1083 2132 redemptus
1111 2038 1148 2106 et
1174 2034 1415 2124 manumissus,

299 2151 418 2231 docuit
460 2178 528 2252 quo
562 2155 707 2229 Verrius
743 2160 916 2255 tempore,
952 2155 1052 2227 cuius
1088 2156 1190 2230 etiam
1227 2153 1325 2227 libris
1360 2153 1414 2228 de

203 2261 205 2279 ³
299 2274 636 2379 orthographia
649 2277 840 2378 rescripsit,
855 2297 923 2350 uun
939 2276 1016 2350 uiue
1030 2277 1259 2351 insectatione
1272 2273 1413 2350 studiu-

293 2403 371 2472 ‘rum
398 2422 597 2497 morumque
625 2400 711 2471 eius.

231 2505 276 2599 ’1.
375 2517 447 2591 XX.
483 2519 620 2592 Gaius
650 2515 798 2592 Iulius
826 2515 1043 2617 Hyginus,
1077 2519 1227 2617 Augusti
1255 2517 1413 2610 libertus,

182 2681 185 2688 ·
299 2637 439 2713 natione
464 2638 648 2737 Hispanus,
677 2636 852 2732 (nonnulli
872 2636 1143 2713 Alexandrinum
1176 2645 1307 2740 putant,
1336 2648 1415 2716 eta
1505 2717 1506 2740 ,

298 2759 451 2834 Caesare
485 2781 628 2860 puerum
654 2759 795 2833 llomam
822 2755 1007 2832 adductum
1041 2757 1256 2834 Alexandria
1288 2765 1413 2862 capta)
1505 2837 1506 2844 χ

296 2879 455 2956 studiose
490 2887 527 2956 et
558 2878 666 2954 audiit
700 2885 736 2956 et
768 2882 915 2954 imitatus
940 2886 998 2955 est
1025 2882 1127 2957 Corn.
1161 2879 1413 2973 Alexandrum,

294 3003 550 3102 grammaticum
565 3003 745 3094 Graecum,
760 3026 861 3102 quem
875 3010 1019 3103 propter
1033 3003 1242 3103 antiquitatis
1256 3004 1412 3077 notitiam
1472 3001 1474 3008 ’
1505 3011 1506 3060 l

294 3113 635 3223 Polybisturem
658 3122 769 3214 multi,
792 3123 926 3223 quidam
949 3123 1193 3200 Historiam
1223 3122 1410 3199 vocabant.

242 3255 273 3322 2.
296 3244 448 3320 Praeiuit
467 3241 644 3321 Palatinae
663 3243 917 3322 bibliothecae:
946 3268 1014 3321 nec
1034 3268 1079 3322 eo
1106 3247 1224 3323 secius
1243 3243 1410 3346 plurimos

294 3365 431 3442 docuit:
468 3367 598 3468 luitque
618 3367 898 3444 familiarissimus
920 3367 1046 3445 Ovidio
1074 3373 1204 3470 poetae
1227 3372 1265 3441 et·
1282 3362 1409 3442 Clodio

153 3532 184 3558 .·
293 3487 423 3565 Licinio
451 3488 638 3582 consulari,
670 3487 859 3565 historico:
895 3492 951 3586 qui
989 3512 1065 3565 eum
1097 3477 1285 3562 ¹admodum
1316 3511 1407 3588 pau·

291 3630 411 3711 perem
430 3604 634 3682 decessisse
655 3607 770 3700 tradit,
793 3616 830 3682 et
849 3605 1055 3686 liberalitate
1069 3634 1133 3685 sua
1146 3606 1262 3707 quoad
1270 3609 1408 3684 'vixerit

240 3734 530 3807 camenarum.
581 3731 690 3805 Huius
722 3728 867 3807 libertus
901 3729 963 3806 luit
996 3731 1103 3807 Iulius
1135 3730 1334 3826 Modestus,
1371 3733 1406 3804 in

289 3854 415 3931 studiis
441 3857 545 3952 atque
568 3851 730 3928 doctrina
757 3855 910 3950 vestigia
935 3856 1072 3956 patroni
1099 3861 1254 3930 secutus.

240 3990 272 4061 ι.
369 3976 457 4051 xxi.
491 3974 630 4050 Gaius
656 3972 885 4067 Melissus,
914 3974 1050 4077 Spoleti
1077 3983 1190 4066 uatus,
1217 3977 1403 4073 ingenuus,

287 4095 357 4171 sed
384 4096 429 4171 ob
456 4093 665 4174 discordiam
692 4100 872 4194 parentum
899 4097 1096 4197 expositus,
1123 4117 1208 4172 cura
1234 4103 1272 4170 et
1295 4093 1401 4170 indu-

285 4219 376 4293 stria
389 4215 590 4296 educatoris
610 4219 664 4293 sui
685 4213 810 4291 altiora
828 4215 943 4291 stadia
955 4217 1130 4320 percepit,
1150 4216 1401 4295 acblaecenati
