3054 5000
700 383 955 459 ...78-

338 583 422 660 eon]
445 589 491 644 lta
511 583 573 642 ru
595 586 626 640 et
639 583 719 642 llari.
732 583 768 644 a.
783 594 889 657 qm
909 581 978 640 Par.
999 594 1071 636 eum
1088 589 1169 636 eoae.
1191 577 1266 637 Veo.
1278 590 1387 650 quoru.

339 687 383 768 etl
404 693 474 750 Par.
497 694 527 746 et
550 687 631 747 llarl.
652 703 701 744 ac.

339 809 544 884 ebullitionem]
567 807 629 871 uu.
651 810 869 868 mueronem.

340 939 480 1007 Augusto
514 931 598 989 etiam
627 931 792 988 insinuatus
823 933 870 985 eat
900 923 992 1000 quod]
1022 924 1139 982 Abeunt
1165 919 1278 980 al'itlr.
1308 919 1385 979 oltra

274 1039 451 1114 oulgabatur
472 1035 627 1114 Anemo,
652 1042 682 1091 et
700 1037 874 1091 tnemuotua
896 1035 948 1087 eat.

338 1137 442 1228 etiam]
464 1153 650 1227 Vulgabatur
672 1159 702 1210 et
717 1157 785 1210 ante
799 1147 1042 1224 Oudendorpium,
1065 1147 1115 1221 qui
1127 1147 1197 1204 illut
1215 1161 1280 1204 oum
1294 1145 1383 1203 Voss.

272 1267 301 1317 et
323 1257 416 1316 Statio
438 1258 577 1330 reposuit.
611 1258 683 1315 ltem
705 1257 835 1314 Wolflus
858 1272 896 1312 ex
917 1255 1003 1330 Par„
1026 1253 1140 1327 quicum
1162 1251 1273 1308 laeiuot
1300 1248 1384 1326 lieri.

273 1360 476 1423 &Rha

337 1503 393 1559 ooo
416 1488 572 1572 delegante
594 1501 694 1541 euram
716 1480 788 1561 ete]
812 1483 867 1541 llll.
890 1482 968 1539 lllor.
998 1483 1081 1555 quod
1101 1480 1251 1550 eleqenter
1273 1494 1385 1535 euram

270 1595 514 1650 ordinandorum
537 1591 777 1646 bibliothecarum
797 1617 840 1631 —a
860 1583 1090 1658 auaoepttERN.
1121 1581 1188 1640 Nou
1209 1580 1290 1638 nimia
1312 1579 1384 1639 intl-

271 1698 345 1768 oete,
367 1697 398 1750 at
419 1693 523 1750 vitiose
545 1697 649 1752 tamen.
679 1693 764 1750 coos.
788 1691 875 1750 (taes.
897 1687 953 1745 ὅθι
977 1687 1046 1762 [eut
1065 1689 1253 1744 orliinenrtee
1275 1677 1406 1743 0&qu

270 1794 371 1850 tbeeaa
403 1791 603 1866 oeleyoeerot]
626 1793 824 1863 WOLFIV&
868 1789 1052 1858 Florentino
1082 1787 1235 1846 leotiouem
1265 1785 1385 1844 exhibet

270 1898 321 1966 ll,
343 1897 410 1952 item
433 1897 498 1957 Par.
517 1899 607 1956 Voss.
632 1897 713 1954 llarl
736 1901 767 1952 et
790 1897 840 1969 tl,
863 1895 920 1952 nial
942 1894 1019 1967 quod
1042 1893 1071 1951 bi
1100 1894 1274 1980 eloquentem.
1303 1891 1382 1951 Veu.

268 2003 442 2059 inmota
464 2008 569 2077 eatque
589 2002 754 2072 eleomrtem
776 2013 894 2059 euram.
916 2001 1026 2058 Loeum
1042 1998 1108 2056 olim
1122 1998 1253 2081 restituit
1260 1995 1382 2056 statiua

333 2119 586 2196 bibliothecarum]
611 2123 671 2179 PR.
695 2111 959 2198 oyltotueeoium.

334 2241 363 2299 3.
386 2242 623 2317 sexagesimum]
646 2245 713 2303 Par.
736 2243 820 2304 llari.
843 2248 873 2301 et
896 2244 970 2301 veo.
993 2243 1060 2304 LX.
1118 2275 1124 2287 ·

334 2361 546 2439 inscribuntur]
570 2368 636 2426 Par.
659 2365 842 2443 scribuntur,
865 2370 899 2424 ut
921 2369 950 2422 et
971 2364 1061 2422 Voss.
1084 2367 1114 2421 et
1135 2364 1208 2424 lldd.
1232 2367 1298 2422 ante
1322 2365 1381 2422 Vi-

269 2469 375 2545 uetum,
398 2474 475 2527 teste
497 2468 707 2544 Oudendorpio
731 2463 770 2529 V.
793 2471 880 2533 edo.
905 2471 934 2528 6.

332 2588 521 2663 componere]
552 2593 615 2648 lloo
649 2593 768 2650 verbum
800 2607 857 2650 nou
890 2592 960 2649 oitat
988 2591 1129 2648 schottus
1160 2591 1198 2648 ed
1232 2579 1383 2650 Victorem

265 2707 294 2762 p.
316 2691 378 2749 209
401 2691 484 2750 bene.
512 2691 570 2760 Qui
592 2696 622 2749 et
643 2707 710 2751 mox
732 2693 822 2768 legit:
845 2703 875 2754 et
893 2699 1001 2753 mtmoa
1023 2684 1137 2756 macru
1158 2699 1257 2770 opem
1275 2702 1384 2770 postea

265 2798 388 2874 addrib't,
406 2812 439 2852 -e
467 2798 526 2857 Me.
551 2787 657 2874 [ritu]
687 2797 715 2854 iu
738 2814 796 2871 quo
824 2804 888 2856 erat
909 2803 1029 2858 anteros
1059 2803 1172 2860 diverat
1200 2804 1298 2876 operia
1321 2806 1381 2863 eto.

264 2900 354 2960 ERN,
385 2901 424 2956 llt
446 2899 565 2959 Heinsio
593 2903 737 2978 probetur
758 2903 832 2960 treeo
855 2901 997 2964 eorrectio
1021 2904 1050 2960 iu
1073 2909 1200 2968 euootet.
1222 2893 1260 2964 acl
1283 2905 1382 2962 (lvidii

265 3018 302 3058 ex
324 3005 356 3061 Ρ.
381 3003 410 3077 4,
443 3003 491 3079 to,
515 3005 566 3081 30,
591 3021 712 3079 eamque
736 3012 765 3065 et
787 3008 850 3080 ipse
872 3024 970 3066 veram
1004 3013 1086 3080 puto.
1128 3011 1163 3066 lo
1186 3009 1276 3069 Paris.
1299 3024 1380 3082 quo-

265 3115 323 3178 que
356 3110 401 3163 es't
434 3107 563 3168 animoa.
598 3109 734 3168 ceterum
769 3127 949 3186 componere
977 3111 1092 3170 minime
1113 3113 1294 3171 movendum.
1330 3111 1378 3170 ΟΥ.

135 3245 140 3254 ·
263 3212 313 3272 vit.
337 3212 427 3270 Peraii
449 3217 521 3271 extr.
544 3215 741 3283 woumvs,
780 3220 836 3275 l’ro
859 3219 972 3275 dtoerai
993 3221 1110 3299 operte,
1135 3217 1211 3292 quod
1235 3214 1319 3274 etiam
1342 3217 1379 3279 B.

263 3320 293 3371 et
309 3317 377 3378 Per.
400 3321 507 3394 tenent,
521 3318 700 3392 vulgabatur
716 3320 862 3402 diomoa,
886 3321 963 3394 quod
978 3319 1108 3380 Wolssus
1130 3321 1257 3396 retinuit,
1270 3317 1382 3378 licro-

263 3418 324 3476 sius
346 3427 441 3480 autem
466 3429 624 3494 praeeunte
646 3423 851 3500 Oudendorpio
873 3443 940 3486 oum
962 3428 1012 3486 illo
1034 3427 1230 3486 eommutavit.
1257 3426 1379 3485 Retiuui

262 3527 412 3602 vulgatam
435 3531 520 3608 alios,
543 3548 562 3586 e
583 3533 616 3591 Ρ.
640 3529 805 3611 exhibitam,
829 3548 893 3592 oum
916 3525 949 3590 B.
974 3528 1055 3594 llari.
1078 3539 1107 3591 et
1123 3534 1210 3609 ven.;
1230 3533 1303 3592 baeu
1325 3536 1378 3590 ta-

143 3671 146 3680 .
260 3643 326 3728 men
354 3637 385 3688 ot
403 3631 582 3705 praeteriens
604 3633 717 3698 omittit.

325 3751 464 3830 instituit]
488 3755 632 3814 tiraeviuo
655 3755 729 3814 eoni.
753 3756 862 3817 tuatittt.

327 3881 442 3934 eentum
465 3883 494 3934 et
515 3876 738 3958 quinquaginta]
764 3881 826 3944 ult.
851 3882 927 3941 Get
944 3883 990 3964 L,
1013 3882 1046 3942 ut
1068 3885 1134 3942 Par.
1158 3888 1187 3941 et
1199 3883 1279 3943 Harl.
1295 3881 1375 3945 Veu.

263 3981 295 4039 0.
319 3990 349 4040 et
366 3985 593 4058 quinquaqinta.

324 4104 352 4164 4.
376 4105 458 4162 lleoit
480 4103 525 4181 et]
550 4109 617 4170 Par.
642 4107 722 4168 Hori.
746 4113 777 4168 et
799 4111 889 4170 Vosa.
912 4118 943 4168 et
957 4092 1038 4182 suerit.

321 4209 517 4303 togatorum]
544 4232 608 4292 l’or.
631 4235 660 4288 et
682 4233 764 4293 llari.
786 4235 966 4306 toyotorum.
