3066 4998
542 441 587 458 ...
645 328 812 476 334

113 592 240 654 Csssub.
293 569 365 652 bion
394 589 488 651 simile
517 592 714 652 subodoratus
748 593 875 654 Gronov.
911 591 1012 651 scribit
1050 593 1230 670 Vestinusque

112 697 189 758 Picti.
232 698 384 768 Frequens
412 696 460 754 bic
487 701 534 754 est
566 695 788 756 describentium
817 711 907 755 error.
951 697 1024 756 Nom
1052 711 1109 753 oon
1131 696 1230 769 plures

113 799 229 856 duobus
252 799 330 856 viros
352 799 400 857 bic
422 801 504 875 poni,
527 798 680 874 sequentis
702 798 938 858 verisimillimum
967 799 1086 862 tscinot.
1115 800 1229 858 wot-

113 903 214 959 Ftvs
246 903 293 960 Ao
316 903 392 962 buno
425 920 552 962 normam
574 903 672 962 locum
703 903 919 983 expressimus,
950 903 1024 964 viem
1052 908 1230 964 monstrante

115 1006 199 1062 etism
222 1008 275 1084 3.,
309 1007 334 1064 si
357 1007 470 1080 quidem
494 1007 558 1066 eius
587 1007 675 1065 lectio
698 1013 778 1065 recte
809 1007 848 1065 its
870 1025 889 1064 s
917 1007 1077 1066 Ritsebelio
1108 1010 1230 1084 Psrerg.

116 1113 210 1170 Pisnt
232 1128 261 1184 p.
288 1112 347 1170 195
370 1115 504 1172 otientur:
534 1113 675 1180 Vecttus5⁸
705 1108 775 1189 [vel‚
796 1117 830 1172 ut
851 1112 971 1173 ednotst
999 1130 1027 1188 p.
1048 1113 1115 1178 510
1136 1097 1175 1210 {²}
1197 1114 1233 1183 Q.

118 1217 329 1290 Philocomum
361 1231 425 1274 nem
453 1216 530 1291 spud
560 1216 712 1274 Trossiutn
741 1215 878 1276 continue
907 1217 1052 1292 scripture
1083 1218 1234 1276 exhibetur

123 1322 245 1377 Vecttus
274 1325 305 1376 et
332 1320 366 1388 Q.
398 1321 451 1378 Pb.
497 1321 544 1377 Ac
574 1320 630 1388 ism
657 1321 850 1380 Cossubonus
872 1322 1077 1398 ednotsrerst,
1110 1323 1254 1380 moues.

122 1423 290 1484 tremum
311 1423 397 1483 unius
426 1425 547 1482 bominis
570 1441 638 1480 esse
661 1424 790 1499 nomina,
826 1440 947 1497 quorum
970 1424 1050 1498 prius
1072 1425 1232 1484 manumis-

126 1529 204 1586 sione
225 1527 379 1600 meruerit,
411 1543 567 1600 verumque
589 1527 647 1584 loci
670 1529 809 1588 rsticnem
839 1528 924 1586 etism
954 1527 1003 1586 nlii
1025 1528 1235 1608 divinaverant,

134 1631 232 1688 sudati
261 1630 425 1688 Ritscbelio
453 1609 473 1688 i.
505 1632 525 1692 l.
556 1648 584 1704 p.
614 1632 711 1706 bvii,
741 1638 769 1690 et
792 1631 949 1690 berscbius
971 1631 1127 1696 Rbmiscbe
1150 1631 1239 1700 nior-

135 1737 226 1793 bcscn
246 1752 276 1807 u.
302 1733 349 1791 18.
383 1736 476 1803 Orsum
498 1734 572 1793 euim
592 1737 626 1804 Q,
641 1735 869 1818 (constutflenim
890 1752 951 1812 quc
972 1736 1131 1809 antiquitus
1153 1737 1240 1796 unius

122 1841 237 1897 titterne
260 1840 285 1908 Q
315 1837 483 1910 compendio
505 1839 592 1896 scribi
615 1856 683 1898 esse
704 1841 830 1916 solitum,
856 1857 884 1902 v.
907 1841 944 1898 sti
968 1840 1100 1903 ciceron.
1123 1842 1159 1900 de
1180 1859 1242 1915 rep.

124 1948 150 2014 Ι,
174 1943 224 2000 43.
248 1960 274 2016 p.
302 1943 380 2018 138)
404 1945 496 2000 semel
518 1943 546 2000 io
571 1945 911 2017 commemorantum
935 1950 1024 2022 esset,
1046 1948 1127 2018 petet
1149 1961 1244 2018 copu-

125 2052 180 2109 lnm
206 2058 281 2109 ets
310 2050 428 2108 librario
451 2049 593 2108 adiectum
623 2066 700 2106 esse.
745 2051 885 2122 Duosque
912 2053 1022 2108 tentum
1044 2048 1125 2108 vuos
1148 2062 1246 2122 ogno-

20 2173 25 2182 ·
126 2160 231 2212 verunt
260 2155 341 2212 Hert.
373 2157 439 2212 Per.
471 2160 500 2212 et
523 2157 598 2212 Ven.
628 2171 693 2212 cum
716 2154 816 2212 codice
846 2154 1011 2230 ticiniensi,
1043 2169 1128 2228 quem
1149 2152 1249 2210 lsudst

126 2258 287 2315 Lersobius
311 2259 329 2316 l.
353 2259 391 2330 1.,
415 2258 600 2316 exhibentes:
641 2259 747 2319 Lotus
778 2253 836 2334 [sic
860 2260 949 2318 Rutu.
973 2263 1002 2314 et
1024 2253 1106 2335 Pam]
1128 2256 1249 2314 Arcite-

127 2363 196 2418 lous
224 2363 353 2423 Vecttus.
397 2363 433 2431 Q.
463 2363 653 2436 pbilocontus
676 2361 738 2437 [sic
760 2361 808 2418 bic
831 2365 860 2418 et
882 2376 958 2436 mox,
988 2365 1020 2417 ut
1050 2349 1249 2420 etism'Voss.

131 2471 161 2523 ct
183 2471 260 2524 teste
282 2466 473 2543 Cambone,
497 2467 571 2524 Pitb.
595 2470 624 2524 et
646 2465 758 2523 Pctnvii
783 2465 886 2541 cotim,
911 2464 964 2521 uisi
987 2464 1064 2536 quod
1087 2463 1250 2536 tisripbi-

131 2568 328 2645 locbooiumJ.
358 2574 387 2629 Α
421 2571 543 2646 vulgate
575 2569 700 2627 lectione
730 2570 856 2646 Laelius
877 2568 1073 2645 Archelaus,
1116 2568 1248 2650 Vectium,

131 2675 264 2744 Quintus
287 2676 380 2749 rtet,
411 2690 495 2747 quum
521 2675 649 2732 Woltius
682 2677 712 2732 et
733 2672 900 2750 Mincius,
921 2673 971 2742 bic
992 2677 1089 2730 tumen
1112 2661 1172 2727 vitii
1194 2685 1251 2729 noo

132 2777 267 2851 ignotus,
291 2776 478 2854 repetierunt,
500 2777 588 2846 nihilo
611 2776 732 2836 discedit
745 2780 798 2853 B.‚
820 2777 876 2835 nisi
891 2777 967 2850 quod
983 2775 1099 2833 exbibet
1123 2776 1252 2832 Veritus.

134 2885 189 2940 lix·
202 2881 358 2959 Archene,
380 2883 460 2954 quod
482 2881 511 2939 in
534 2883 578 2942 eil.
602 2883 722 2952 Medici.
745 2898 799 2955 pro
821 2881 993 2940 Archelaus
1016 2881 1130 2952 exstet,
1155 2879 1252 2936 tisse-

135 2986 199 3042 vins
221 2985 285 3043 sive
300 2984 447 3060 Heinsius,
471 2990 589 3044 notente
607 2984 822 3061 Oudendorpio,
845 2987 963 3050 efficere
985 2984 1111 3042 mslebst
1132 2981 1253 3045 Arcite-

134 3091 189 3170 Ios,
221 3093 254 3147 ut
283 3089 448 3154 Arcesilas.
495 3092 651 3146 Praetereo
679 3090 778 3147 eedem
806 3089 861 3154 Ed.
900 3089 1000 3148 Vectis'.
1053 3088 1189 3145 Ceterum
1218 3087 1251 3140 ut

135 3213 185 3270 pro
214 3195 334 3254 Vectius
362 3192 527 3266 scripserim
558 3194 689 3274 Vettius,
720 3194 749 3252 id
773 3194 849 3266 quod
874 3193 930 3252 ism
958 3192 1071 3252 Sestius
1101 3193 1245 3263 susserst,

135 3303 380 3360 monumentorum
411 3300 585 3360 auctoritate
607 3299 751 3358 suiectus
781 3313 853 3357 sum.
904 3301 989 3356 Hunc
1021 3295 1096 3354 enim
1112 3291 1246 3378 'nominis

138 3414 256 3468 formem
290 3407 375 3464 unice
398 3410 565 3482 agnoscunt
593 3403 715 3464 nummi:
745 3408 897 3476 utrumque
927 3401 1040 3474 quidem
1069 3399 1159 3475 tituli,
1193 3397 1247 3456 sest

138 3513 175 3572 itn
196 3512 302 3586 utqui
330 3514 450 3572 Vectius
470 3512 636 3587 ostendunt,
669 3508 822 3582 inquibus
853 3512 884 3564 et
904 3511 973 3566 suot
1000 3506 1036 3562 de
1060 3505 1133 3578 ude,
1148 3501 1247 3574 scrip-

26 3635 27 3642 *
139 3624 219 3676 turse
241 3617 335 3695 dubii,
369 3620 464 3674 netete
485 3614 663 3674 recentiores
691 3613 759 3673 sint.
810 3614 942 3672 Vectium
969 3612 1048 3668 certe
1070 3621 1190 3682 sevum,
1212 3604 1250 3660 sie

140 3737 193 3796 uuo
216 3721 327 3799 egitur,
350 3736 408 3778 non
429 3720 516 3778 novit.
564 3722 662 3792 Atque
683 3718 732 3778 ubi
754 3718 832 3790 spuet
854 3715 980 3774 'tullium
1007 3715 1165 3772 Vectienus
1188 3705 1251 3780 tegi

141 3827 305 3902 videbatur,
326 3840 405 3883 nuuc
426 3823 584 3896 repositum
606 3824 696 3882 bobes
723 3814 896 3882 Veliternus.-
924 3820 997 3877 ielem
1019 3818 1049 3874 in
1081 3816 1179 3874 Vectio
1201 3827 1251 3870 sc-

143 3931 222 4007 etoit,
254 3933 309 4004 liu.
332 3930 370 3986 sd
392 3931 454 3989 ott.
487 3930 539 4004 VI,
566 3928 594 3985 1.
640 3928 728 3999 Apud
749 3929 819 3986 Tac.
842 3929 919 3985 Auo.
942 3925 996 3999 Xl,
1019 3920 1077 3998 30,
1105 3917 1154 3978 ubi
1176 3932 1252 3974 uunc

144 4038 280 4111 vulgetur
315 4036 430 4094 Vectios
460 4035 507 4092 M·
539 4033 675 4110 Vetticis,
713 4033 818 4090 relisis
851 4016 970 4089 Vectius
1007 4043 1034 4089 o.
1071 4025 1110 4084 31
1143 4028 1172 4082 et
1201 4021 1254 4080 35.

42 4199 51 4216 ,
145 4141 219 4200 liem
241 4140 339 4235 vitium
363 4138 450 4199 etiem
471 4138 608 4196 sdhucret
631 4136 703 4200 Plio.
727 4140 761 4194 Η.
785 4138 821 4198 N.
844 4133 962 4208 XXIX,
994 4132 1021 4208 l,
1044 4129 1063 4187 5
1087 4135 1117 4190 et
1138 4127 1255 4198 Quintil.

146 4249 167 4322 1,
188 4248 218 4326 5,
240 4246 294 4324 53,
316 4246 366 4304 ubi
395 4247 474 4308 rior.
503 4246 658 4304 Vettictuen
688 4247 717 4302 et
746 4241 843 4300 Turio.
869 4240 1015 4299 rVetteiuus
1043 4235 1078 4293 sd
1101 4233 1258 4309 genuinum
1374 4307 1381 4314 '
