3066 4998
28 253 30 406 i

562 295 816 372 ...ΘΙ-.-

197 485 406 567 praesagante]
436 489 482 546 lta
515 492 547 547 P.
579 495 609 545 et
638 493 728 554 Voss.
760 507 826 548 cum
849 493 941 566 Ven,
972 491 1050 566 quoa
1073 508 1130 550 ooo
1153 509 1245 550 ausus

133 611 194 652 sum
219 593 397 668 oblitterare,
419 609 590 667 quamquam
615 594 748 668 vulgaris
770 595 851 653 verbi
873 599 966 654 forma
987 595 1052 654 sine
1073 592 1248 669 uitasuapi-

134 699 216 756 cioue
239 699 300 754 vitii
323 698 433 771 iegitur
458 701 539 770 Aug.
562 697 616 759 oo.
648 699 746 756 Ceteri
770 701 845 756 Mes.
866 703 1083 772 pmeaapa'ente.
1116 703 1250 758 Formam

133 806 316 874 susceptam,
347 799 431 858 cuius
458 801 652 858 Forceiiinius
680 803 862 876 participium
889 804 984 862 solum
1013 820 1052 860 ex
1075 803 1251 876 Hieronymo

134 906 239 978 attolit,
262 895 356 961 firmat
379 907 526 962 iuvencus
548 905 576 961 iu
596 905 694 964 Pitrae
718 907 819 979 Spicii.
838 907 1016 966 Solesmeusi
1029 911 1063 966 r.
1083 910 1107 967 L
1129 926 1156 982 p.
1173 906 1249 965 235:

132 1015 326 1084 praeruperat.

200 1113 348 1188 Vergilio]
373 1114 406 1174 P.
430 1129 496 1170 cum
518 1114 625 1171 ceteris
647 1115 725 1178 Mas.
747 1120 777 1172 et
798 1115 870 1176 Eric.
899 1117 1028 1190 i'a'rpa'b'o.

201 1216 344 1292 omnium]
367 1217 479 1275 Omittit
500 1218 568 1280 Par.

201 1324 233 1380 4.
256 1317 438 1399 pepercisse]
469 1322 571 1395 Vulgo
594 1338 752 1395 omnesque
781 1323 847 1380 libri
877 1326 954 1382 Mes.
976 1329 1093 1397 praeter
1121 1329 1153 1383 P.
1173 1339 1254 1402 pcr-

136 1430 225 1485 aiare.
250 1427 342 1482 'iiiam
366 1429 485 1482 tormam
516 1426 602 1482 unice
623 1425 791 1513 Suetonius,
823 1425 915 1482 altera
937 1427 1031 1484 solum
1053 1427 1081 1483 in
1103 1429 1254 1502 participio

92 1600 97 1606 .
136 1549 221 1604 usus,
243 1531 306 1588 Tib.
331 1529 383 1587 62.
418 1531 493 1586 Ven.
513 1532 662 1603 parcebar.
708 1527 754 1588 Ct.
777 1528 906 1592 ntoueo.
929 1533 951 1587 Ι.
976 1547 1002 1604 p.
1025 1531 1099 1590 365.

203 1635 233 1694 5.
255 1630 381 1711 lavaret]
412 1633 465 1689 Sic
491 1647 557 1690 cum
580 1633 799 1707 Oudendorpio,
831 1634 940 1690 Woibo
965 1640 995 1692 et
1016 1636 1147 1694 BCrusio
1170 1637 1255 1695 riedi-

28 1727 29 1790 5
136 1758 219 1816 mus,
249 1756 336 1813 quum
359 1746 447 1796 antea
469 1739 641 1812 vulgaretur
667 1741 832 1816 iuraretur,
856 1739 932 1811 quod
955 1739 1094 1799 't'rossius
1116 1744 1256 1806 servarit.

137 1849 179 1902 At
207 1846 268 1901 Pit.
301 1843 380 1900 itari.
411 1843 476 1902 Par.
500 1849 526 1899 et
558 1847 593 1900 Β.
616 1843 746 1921 inroret,
775 1841 804 1898 iri
827 1842 904 1914 quod
928 1843 1013 1900 etiam
1036 1861 1073 1901 ex
1096 1848 1170 1907 Mes.
1194 1848 1257 1904 Ca-

28 1995 29 2014 r
137 1951 262 2008 saubooi
284 1954 314 2004 et
336 1951 427 2005 Voss.
447 1947 544 2003 attolit
567 1947 801 2020 Oudendorpius.
823 1950 927 2022 Neque
956 1951 1040 2008 aliter
1062 1953 1137 2012 Veu.
1166 1957 1258 2012 Utra-

28 2023 29 2044 Ῑ
138 2071 197 2128 qne
220 2053 335 2110 dicendi
357 2055 448 2108 torma
470 2052 628 2109 Suetonius
649 2051 814 2124 promiscue
837 2071 909 2112 usus
932 2061 986 2112 est.

206 2156 392 2232 quamquam]
419 2155 498 2215 nari.
521 2175 708 2234 quanquam.

207 2259 323 2341 schola]
356 2264 416 2321 PR.
450 2235 542 2324 aiolo.
1110 2342 1113 2347 Ι

207 2369 236 2425 tn
259 2366 319 2442 ore]
343 2369 390 2424 an
413 2369 445 2425 ra
468 2372 548 2446 area,
579 2356 646 2426 καθ’
671 2359 793 2450 {pipo
816 2368 1025 2426 ucovsrva
1059 2369 1118 2430 vc.
1141 2373 1259 2432 uereor.

141 2475 178 2530 2:
201 2473 374 2530 Eunuchus
396 2475 518 2546 quidem
540 2473 585 2528 bia
607 2474 656 2527 are
677 2479 745 2528 aeta
767 2477 821 2533 eat.

208 2573 423 2649 quadringena]
456 2577 557 2650 Vulgo
586 2579 797 2655 quadrupenn,
828 2583 861 2636 ut
889 2577 956 2638 Par.
985 2579 1018 2636 B.
1049 2582 1260 2653 quarta-uptote.

143 2683 225 2741 iteri.
249 2686 447 2757 qondmpena.

209 2786 344 2862 caperet]
368 2787 434 2844 Par.
458 2792 488 2844 et
511 2787 592 2848 itari.
615 2803 681 2843 cum
707 2787 780 2845 Veo.
806 2795 950 2862 carperet.

213 2889 293 2965 cum]
328 2892 361 2950 B.
385 2907 487 2966 quum.
511 2893 585 2947 Veo.
609 2907 708 2966 quom.
759 2951 762 2960 ,

210 2996 429 3069 promercalium
446 2991 585 3076 vestium]
609 2997 689 3056 ilari.
710 2999 821 3054 eliade
837 2997 967 3054 coliium.
983 2999 1048 3056 Par.
1065 3004 1096 3054 et
1106 3001 1176 3056 nater
1196 3001 1263 3057 eal-

28 3135 29 3142 1
145 3104 229 3178 tium,
253 3105 377 3174 uterque
400 3099 507 3158 omisso
529 3105 662 3158 certium.
686 3103 1109 3160 {incommemoratum

211 3203 299 3260 ritem
315 3203 387 3280 etc]
401 3189 447 3261 ite
458 3204 610 3278 iugeribus
624 3203 726 3260 vineae
744 3203 871 3276 singuiis
887 3201 1085 3276 accipientium
1101 3204 1191 3262 voluit
1204 3208 1265 3263 Er-

147 3308 269 3384 oestius,
290 3308 326 3365 de
340 3326 397 3382 qno
411 3311 557 3367 Woitiua:
579 3314 681 3386 „ilaec
697 3309 799 3366 nemini
813 3309 977 3385 placebunt,
993 3310 1110 3382 opinor:
1133 3317 1266 3383 apertum
1366 3295 1368 3305 ’

148 3418 193 3470 est
216 3415 253 3470 de
275 3431 333 3473 uua
355 3414 415 3472 vite
437 3414 502 3474 dici.
534 3414 723 3482 Quamobrem
745 3413 829 3471 unice
852 3412 1007 3487 probabilis
1029 3419 1075 3471 est
1097 3415 1267 3496 coniectura

147 3517 245 3576 Ursini
270 3519 402 3576 ccva
420 3507 498 3578 uena
520 3535 556 3574 ex
579 3517 652 3577 Ptin.
675 3519 758 3596 XIV,
788 3518 817 3576 3.
852 3517 964 3574 Colum.
996 3517 1069 3595 3,3
1100 3519 1146 3595 [3]
1170 3522 1266 3582 ducta.

149 3626 233 3692 Quod
256 3625 428 3683 vocabulum
458 3625 537 3682 facili
561 3625 679 3698 primum
702 3625 772 3682 vitio
801 3628 941 3680 mutatum
964 3623 993 3681 in
1015 3642 1081 3704 naa,
1104 3626 1208 3683 deinde
1229 3643 1266 3684 ex

28 3791 29 3806 ζ
149 3729 205 3786 leni
221 3729 345 3806 scilicet,
366 3729 419 3786 seri
436 3730 588 3820 temeraria
603 3730 784 3788 correctione
803 3729 956 3802 vulgarem
972 3729 1146 3802 scripturam
1164 3745 1267 3802 parere

151 3832 274 3905 potnit.“
297 3835 399 3910 Recte,
416 3850 470 3890 occ
483 3833 610 3891 dubitavi
626 3851 704 3890 noue
719 3848 868 3906 reponere,
888 3829 933 3885 vel
947 3829 1041 3886 invitis
1057 3833 1089 3891 P.
1104 3829 1268 3903 ceterisque

150 3936 283 3993 omnibus
305 3929 386 3992 libris
403 3937 496 4011 Mss,
519 3952 593 4008 quos
617 3936 693 4012 novi,
716 3941 745 3994 et
768 3933 924 4008 impressis.
958 3936 1057 4006 Atque
1073 3923 1170 3991 Ursini
1192 3949 1268 3991 con-

151 4039 282 4100 iecturae
294 4055 470 4114 magnopere
491 4043 592 4097 tavent
607 4041 687 4102 Hori.
705 4045 735 4097 et
753 4042 817 4098 Par.
839 4039 1009 4096 exhibentes
1026 4039 1167 4117 CCCLX,
1191 4040 1270 4112 quod

151 4144 393 4220 coemtionem,
408 4161 494 4218 quem
509 4144 626 4201 viderie
646 4146 703 4201 boo
716 4145 782 4203 ioco
797 4144 997 4230 disserentem,
1009 4157 1050 4220 ,ex
1064 4142 1151 4201 Voss.
1173 4143 1270 4202 attulit
